3275 5192
651 323 895 387 -181-

179 523 221 565 ne
245 504 326 565 fraus
350 523 401 565 sua
426 504 503 583 apud
526 504 655 565 iudicem
680 503 883 584 detegeretur,
910 505 1026 566 lenonis
1048 504 1253 567 condicionem
1276 524 1360 567 acce·

178 604 272 681 pisse.
318 601 394 662 Tum
422 609 520 663 autem
548 602 684 663 Toxilum
712 602 850 664 lenonem
878 621 938 663 non
966 603 1003 664 ad
1029 610 1212 683 praetorem,
1243 604 1295 665 sed
1324 605 1360 665 ad

177 702 355 780 trapezitam
388 702 472 780 sequi
504 703 641 779 iussisse,
673 708 707 761 ut
736 703 866 779 pretium
899 703 999 762 statim
1031 700 1171 780 solveret,
1203 709 1359 781 postquam

178 815 289 877 magno
313 797 421 877 gaudio
445 798 539 859 elatus
563 816 595 858 se
619 797 706 858 hodie
730 800 860 879 primum
885 801 947 860 suis
970 801 1065 878 ipsius
1091 799 1258 878 sumptibus
1281 807 1361 860 satu·

180 913 251 958 rum
274 896 337 957 iore
357 903 386 956 et
405 899 492 976 genio
512 915 565 957 suo
585 899 715 957 suaviter
734 897 883 958 iacturum
902 915 968 958 esse
986 897 1176 976 praedicarit
1191 932 1234 940 —
1248 897 1361 968 Quodsi

178 993 256 1056 haec
279 1013 295 1055 a
315 1001 506 1055 retractatore
531 993 657 1073 quodam
680 1003 794 1056 resecta
814 1013 881 1056 esse
901 998 1066 1075 statuimus,
1091 1003 1121 1055 et
1143 1014 1238 1057 nonae
1262 998 1361 1075 quarti

181 1100 267 1153 actus
295 1110 402 1153 scenae
430 1092 559 1154 brevitas
587 1092 762 1171 explanatur
790 1102 818 1154 et
847 1095 942 1172 quinti
971 1101 1054 1154 actus
1086 1093 1276 1155 difficultates
1307 1094 1360 1154 tol-

180 1189 298 1252 luntur:
328 1198 391 1251 tum
420 1192 612 1270 perspicuum
644 1199 689 1252 est
719 1191 856 1253 lenonem
886 1208 991 1252 rursus
1023 1193 1054 1252 in
1087 1209 1206 1252 scenam
1239 1191 1359 1271 prodire

179 1301 270 1368 posse
300 1296 330 1349 et
359 1290 528 1349 miserrimc
558 1288 713 1350 lamentari
744 1307 776 1350 se
807 1289 975 1349 vehiculum
1006 1291 1122 1368 argenti
1151 1291 1276 1350 eiecisse
1304 1307 1360 1350 nec

180 1389 282 1448 minus
306 1386 391 1447 sicile
415 1386 606 1466 intellegitur,
631 1406 685 1448 cur
707 1389 856 1466 parasitus
880 1389 1013 1448 convivio
1036 1402 1096 1448 non
1118 1389 1246 1448 intersit.

272 1484 394 1545 Praeter
423 1503 532 1545 nonam
562 1487 661 1564 quarti
691 1493 774 1546 actus
806 1503 926 1546 scenam
956 1488 987 1546 in
1010 1486 1100 1546 Persa
1128 1485 1242 1546 nullum
1270 1485 1360 1547 alium

182 1581 282 1642 locum
305 1583 414 1661 inveni,
439 1584 490 1661 qui
514 1601 530 1642 a
554 1590 746 1645 retractatore
770 1591 940 1645 contractus
965 1601 1030 1645 esse
1053 1583 1213 1645 rideretur.
1251 1583 1360 1645 Lade·

181 1673 281 1763 wig1)
306 1678 426 1759 quidem
451 1680 571 1741 lacunas
594 1699 653 1741 non
678 1687 738 1741 tam
761 1683 792 1741 in
816 1683 875 1742 fine
900 1683 997 1761 quarti
1020 1689 1104 1742 actus
1123 1701 1210 1761 quam
1232 1684 1265 1741 in
1290 1680 1360 1743 duo-

105 1775 108 1780 ’
180 1776 239 1838 bus
265 1777 416 1856 prioribus
445 1778 559 1839 actibus
590 1777 762 1840 statuendas
793 1798 860 1840 esse
891 1781 1015 1842 censuit.
1069 1779 1128 1841 Sed
1156 1783 1267 1859 optimo
1294 1783 1360 1840 iure

183 1869 323 1959 Goetz²)
348 1877 413 1936 eius
437 1877 566 1954 argutias
590 1878 703 1956 reiecit,
727 1895 796 1938 cum
818 1879 867 1937 vix
892 1877 997 1956 dignae
1021 1865 1090 1956 sint,
1114 1897 1188 1956 quae
1213 1880 1291 1938 serio
1315 1897 1361 1938 re·

183 1975 355 2052 spioiantur.
402 1972 497 2034 Unam
524 1981 624 2034 tamen
652 1974 800 2053 lacunam,
831 1993 905 2054 quae
930 1975 1049 2054 quidem
1075 1995 1134 2036 non
1158 1977 1361 2036 retractatoris'

183 2071 308 2132 artificio
333 2071 386 2132 sed
410 2073 564 2150 iniquitate
588 2080 758 2153 temporum
781 2081 846 2133 orta
869 2081 927 2152 est,
957 2073 1169 2134 aLadevico
1192 2073 1360 2134 Ritsche·

181 2168 269 2229 lium
298 2176 400 2230 secuto
427 2171 492 2230 iure
517 2177 656 2232 statutam
685 2189 751 2232 esse
775 2172 834 2232 iam
857 2171 985 2232 vidimus
1009 2173 1039 2231 in
1063 2172 1248 2251 paragrapho
1272 2190 1361 2251 quam

184 2266 221 2327 de
244 2267 365 2346 prologo
390 2269 498 2347 scripsi
522 2261 556 2350 (ξ
577 2264 597 2330 5
619 2286 647 2349 p.
666 2265 729 2330 166
738 2263 826 2353 squ).

468 2491 517 2561 III
549 2494 594 2561 De
617 2496 759 2580 tempore
783 2497 921 2581 exempli
945 2495 1066 2563 Graeci.

272 2624 431 2704 Postquam
460 2643 507 2704 ea,
540 2643 614 2704 quae
644 2624 680 2686 de
710 2629 923 2706 compositione
957 2636 987 2689 et
1016 2629 1225 2688 retractatione
1252 2626 1361 2687 Persae

184 2721 310 2782 dicenda
333 2721 519 2802 videbantur,
543 2722 687 2809 cupedivi,
711 2726 770 2784 iam
793 2726 825 2785 in
848 2743 884 2785 eo
908 2733 962 2804 est,
984 2733 1019 2786 ut
1040 2726 1096 2786 hac
1118 2727 1150 2784 in
1168 2732 1261 2803 parte,
1284 2723 1363 2802 quod

182 2821 243 2880 iam
270 2823 302 2882 in
327 2822 412 2880 initio
442 2822 620 2901 significari,
654 2821 750 2882 denuo
773 2825 805 2882 in
829 2825 1006 2884 sententiam
1031 2823 1294 2883 Wilamowitzii
1317 2824 1362 2881 in-

182 2919 314 2997 quiram,
346 2920 397 2997 qui
425 2918 546 2980 Persam
573 2918 800 2981 Demosthenioa
828 2927 922 2981 aetate
951 2921 1058 2981 factam
1090 2928 1121 2981 et
1147 2919 1261 2980 mediae
1288 2919 1362 2979 Atti·

183 3033 287 3076 corum
317 3015 486 3078 comoediae
517 3035 583 3078 esse
614 3019 781 3078 accuratius
810 3017 967 3078 ostendero
997 3026 1121 3078 conatus
1151 3025 1204 3078 est.
1254 3015 1362 3087 Quam·

183 3131 273 3192 quam
302 3122 387 3176 antea
415 3133 518 3175 omnes
545 3114 642 3175 Plauti
670 3114 783 3176 fabulas
817 3134 909 3176 novae
942 3114 1110 3176 comoediae
1141 3133 1240 3195 neque
1270 3113 1363 3175 ullam

182 3209 426 3273 Demosthenioae
464 3215 569 3274 aetatis
606 3230 777 3292 expressam
814 3232 881 3274 esse
918 3213 976 3274 sibi
1007 3221 1197 3292 persuaserat
1228 3206 1271 3295 (p.
1297 3205 1363 3294 15),

183 3317 283 3368 tamen
308 3309 406 3370 subito
429 3309 574 3371 adductus
598 3318 656 3389 est,
688 3319 722 3372 ut
745 3313 922 3372 sententiam
954 3330 1036 3372 suam
1060 3318 1202 3389 mutaret,
1234 3329 1302 3371 cum
1330 3312 1363 3369 in

182 3405 274 3467 Persa
306 3405 447 3468 nonnulla
480 3426 512 3468 se
545 3410 573 3469 ei
602 3409 756 3488 offerrent,
797 3429 812 3469 e
841 3408 950 3489 mribus
978 3411 1043 3470 sine
1072 3408 1160 3469 dubio
1188 3408 1306 3470 elucere
1334 3409 1363 3468 ei

182 3503 338 3565 videbatur
370 3506 436 3565 fieri
467 3523 527 3566 non
554 3525 656 3586 posse,
689 3508 760 3586 quin
788 3507 880 3568 Persa
906 3506 1134 3568 Demosthenioa
1163 3514 1259 3568 aetate
1287 3506 1363 3567 iacta

183 3610 272 3663 essct.
318 3602 513 3682 Perspicuum
537 3613 583 3666 cst
606 3606 699 3684 ipsius
723 3604 803 3666 iliius
827 3624 902 3684 quae
925 3604 1195 3666 WiIamowitzio
1219 3623 1289 3665 casu
1312 3603 1363 3665 ob·

182 3701 260 3760 viam
284 3719 316 3762 se
341 3700 423 3761 dedit
441 3703 486 3762 rei
504 3705 598 3780 gratia
616 3705 715 3763 omnia
734 3703 791 3763 alia
811 3711 993 3782 argumenta,
1017 3721 1090 3783 quae
1109 3705 1156 3762 vir
1175 3702 1363 3763 doctissimus

183 3797 220 3858 ad
248 3801 426 3859 sententiam
455 3818 538 3861 suam
566 3799 748 3879 probandam
771 3800 908 3880 protulit,
932 3799 1017 3861 allata
1041 3819 1120 3879 esse,
1145 3799 1223 3878 quod
1246 3808 1276 3860 et
1298 3801 1363 3879 ipse

184 3895 320 3957 concedit
344 3889 385 3979 (p.
406 3891 479 3980 26),
509 3906 542 3959 ut
569 3898 624 3958 boc
652 3900 794 3977 primario
818 3906 991 3977 argumento
1015 3897 1189 3958 labefactato
1212 3904 1273 3958 tota
1296 3916 1363 3958 sen·

185 3995 277 4080 tentia
301 3994 412 4056 caduca
435 3997 483 4075 sit,
507 4015 575 4057 cum
598 3998 740 4057 nimirum
764 4004 865 4058 cetera
885 4004 1058 4075 argumenta
1081 3994 1117 4056 ab
1141 4014 1175 4056 eo
1199 3994 1285 4055 allata
1303 4013 1363 4055 non

183 4091 310 4154 multum
333 4092 431 4155 valere
455 4095 529 4154 mihi
552 4094 671 4175 quidem
695 4094 861 4156 rideantur.

273 4191 293 4267 ὅ
319 4187 348 4251 8.
395 4191 610 4270 Argumentum
633 4194 810 4271 primarium
833 4211 892 4272 quo
921 4194 1049 4253 maxime
1072 4190 1303 4252 Wilamowitz
1331 4199 1365 4252 ut

183 4286 329 4348 Persam
355 4291 515 4368 superstite
540 4303 631 4368 regno
654 4289 812 4351 Persarum
837 4289 926 4370 idque
949 4288 1222 4351 Demosthenica
1246 4294 1363 4348 aetate

274 4443 299 4511 1)
318 4440 419 4497 Philol.
439 4439 516 4497 XVII
534 4461 561 4512 p.
577 4448 630 4497 4'14
638 4461 698 4513 sqq.
807 4446 835 4513 2)
853 4443 883 4497 L.
902 4443 921 4497 l.
940 4461 968 4513 p.
984 4447 1035 4498 298
1044 4460 1104 4512 sqq.
