3275 5192
607 398 849 463 -,163-

137 579 170 641 ld
198 598 290 641 unum
319 579 415 641 adhue
443 579 603 641 obscurum
630 589 689 659 est,
721 596 775 641 cur
802 581 924 642 Toxilus
950 582 1089 643 lenonem
1116 591 1238 662 argento
1267 584 1316 646 de·

138 677 274 739 fraudare
297 676 376 738 velit.
423 677 496 739 Nam
519 678 576 738 hoc
600 697 634 739 ea
658 677 693 738 de
718 697 805 739 causa
828 679 907 760 lieri,
936 688 971 741 ut
994 681 1187 760 Sagaristioni
1210 701 1316 761 argen-

137 785 200 838 tum
228 775 385 856 reddatur,
417 778 511 856 magis
540 778 685 856 suspicari
714 794 873 856 possumus
903 797 991 858 quam
1024 797 1040 840 e
1067 788 1207 842 contextu
1235 789 1315 843 certe

137 874 285 953 colligere,
309 883 340 935 et
362 877 516 955 sequentia
539 873 659 935 demum
682 874 739 935 hoc
760 878 906 954 aperiunt
944 876 1073 938 Secundi
1093 878 1212 957 quidem
1232 886 1329 962 actus

138 972 212 1034 duae
239 974 355 1052 priores
385 991 491 1034 scenae
519 972 593 1033 nihil
621 973 684 1033 iere
713 971 749 1033 ad
776 992 969 1053 progressum
996 977 1121 1037 actionis
1150 977 1316 1056 conterunt,

136 1073 195 1132 nisi
219 1069 298 1149 quod
322 1069 500 1132 confidentia
522 1070 618 1131 Toxili
641 1072 831 1150 perspicitur,
855 1075 906 1151 qui
924 1072 998 1134 adeo
1016 1092 1076 1134 uon
1096 1073 1219 1154 dubitat,
1244 1077 1316 1154 quin

137 1169 260 1229 consilia
283 1187 336 1229 sua
358 1168 435 1230 hene
459 1176 601 1230 eventura
624 1171 696 1248 sint,
726 1178 760 1230 ut
782 1169 944 1248 Paegnium
971 1189 1098 1250 puerum
1126 1172 1163 1233 ad
1191 1175 1317 1234 amicam

136 1269 246 1346 mittat,
274 1269 326 1346 qui
355 1285 418 1328 eam
446 1266 523 1327 hono
551 1269 649 1328 animo
678 1285 743 1327 esse
771 1267 880 1329 iubeat.
927 1266 960 1328 ln
990 1270 1078 1329 tertia
1109 1270 1199 1331 huius
1231 1278 1316 1332 actus

136 1383 225 1426 scena
249 1363 479 1444 Sagaristionem
502 1363 680 1444 gaudentem
702 1364 850 1445 videmus,
883 1365 962 1445 quod
989 1369 1105 1428 occasio
1134 1366 1191 1428 sihi
1219 1367 1316 1429 oblata

138 1465 175 1523 sit
198 1465 326 1524 amicum
349 1461 518 1542 adiuvandi,
543 1482 610 1524 enm
634 1481 704 1524 erus
727 1463 784 1524 sihi
808 1472 963 1542 argentum
986 1463 1022 1524 ad
1046 1464 1203 1527 solvendos
1225 1466 1316 1528 boves

135 1559 270 1622 Eretriae
295 1559 434 1622 dedisset.
481 1561 514 1621 ln
538 1563 641 1640 quinta
669 1579 758 1622 scena
781 1561 884 1622 Toxilo
912 1569 1068 1640 argentum
1097 1562 1158 1642 dat,
1186 1571 1315 1625 attamen

135 1676 195 1719 non
218 1660 303 1738 prius
327 1677 414 1738 quam
438 1667 515 1720 tecte
538 1661 696 1738 quaesivit,
724 1678 797 1720 num
819 1659 940 1722 Toxilus
964 1669 1119 1738 argentum
1143 1661 1316 1724 redditurus

137 1763 215 1818 esset
239 1751 280 1839 (v.
295 1752 375 1817 319:
399 1762 479 1818 enim
501 1765 600 1818 metno
624 1766 658 1818 nt
673 1763 789 1835 possim
812 1763 933 1820 reicere
956 1763 988 1820 in
1012 1761 1122 1838 debile,
1144 1779 1183 1820 ne
1203 1779 1316 1836 ongen-

136 1848 202 1939 tnr)
227 1864 257 1916 et
279 1873 368 1934 quam
392 1854 513 1916 Toxilus
536 1856 694 1916 affirmavit
717 1873 748 1915 se
777 1855 964 1918 redditurum
991 1875 1057 1918 esse
1087 1852 1127 1940 (v.
1147 1854 1227 1919 320:
1259 1877 1316 1935 epo

135 1957 278 2014 reiciam:
309 1955 388 2014 inde
416 1958 550 2014 animum
578 1947 711 2037 bonnm).
757 1954 889 2032 Argento
918 1963 1037 2034 accepto
1065 1955 1187 2017 Toxilus
1219 1956 1315 2018 denuo

136 2053 286 2130 expressis
309 2050 409 2112 verbis
432 2052 587 2112 confirmat
607 2051 839 2130 Sagaristionem
857 2051 930 2113 illud
949 2055 1049 2114 statim
1068 2061 1316 2133 recuperaturum

136 2167 212 2228 esse,
235 2167 261 2210 v.
282 2145 436 2229 324sqq.:

188 2303 288 2376 Atque
312 2319 397 2362 omne
420 2319 476 2377 ego
500 2308 660 2376 argentum
684 2305 740 2363 tibi
761 2304 820 2363 too
844 2311 979 2364 nctntnm
998 2288 1148 2365 incolome
1166 2307 1314 2379 redigam.

189 2401 267 2460 Nom
290 2402 352 2460 inm
376 2403 490 2461 omneis
511 2401 729 2476 sycophantias
752 2405 888 2462 instruxi
910 2410 940 2461 et
963 2407 1148 2478 comparari,

193 2497 257 2568 Qno
274 2505 370 2574 pncto
394 2500 433 2558 et
456 2501 564 2558 lenone
587 2497 729 2574 anserem
752 2499 810 2559 noc
834 2506 996 2574 arpentum
1020 2531 1062 2580 -.

133 2648 179 2709 Ad
200 2667 289 2728 quam
317 2667 380 2709 rem
409 2667 476 2710 cum
500 2647 603 2709 Toxilo
628 2647 838 2727 Sagaristionis
867 2650 975 2711 auxilio
1002 2669 1076 2730 opus
1108 2653 1161 2730 sit,
1194 2650 1315 2712 domum

137 2765 203 2808 eum
231 2746 359 2807 abducit.
388 2746 540 2807 -Nunc
568 2748 660 2825 igitur
687 2749 745 2806 iam
774 2747 848 2807 nulli
877 2747 1054 2809 dubitationi
1076 2748 1237 2810 obnoxium
1261 2757 1314 2828 est,

137 2862 189 2906 cnr
208 2844 328 2905 Toxilus
351 2847 514 2925 parasitum
537 2844 628 2905 liliam
649 2863 732 2906 suam
756 2847 787 2905 in
807 2849 938 2925 speciem
955 2845 1084 2908 vendere
1104 2849 1234 2908 iusserit
1271 2846 1315 2908 Eo

139 2944 214 3003 enim
244 2942 368 3004 consilio
397 2944 443 3022 lit,
475 2951 521 3023 ut,
556 2941 635 3023 quod
663 2942 783 3003 Toxilus
811 2945 876 3022 ipse
901 2964 927 3004 v.
947 2941 1013 3004 324
1023 2963 1086 3024 sqq.
1117 2945 1226 3005 diserte
1255 2944 1314 3005 elo·

139 3043 247 3120 quitur,
272 3040 466 3120 Sagaristioni
490 3048 645 3120 argentum
669 3035 848 3124 reddatur.¹)
890 3041 953 3101 lloc
976 3040 1102 3102 alterum
1125 3041 1222 3101 Toxili
1245 3060 1314 3102 con·

209 3232 234 3300 1)
253 3229 335 3284 Certe
353 3229 469 3284 Toxilus
492 3246 549 3284 non
572 3229 709 3298 expressis
734 3229 827 3283 verbis
846 3230 1032 3300 Sagaristioni
1055 3230 1126 3285 dicit
1148 3248 1177 3286 se
1195 3230 1315 3297 parasiti

137 3309 211 3365 filiae
226 3326 312 3380 opera
326 3309 353 3364 ei
368 3312 516 3381 argentum
529 3312 758 3380 recuperaturum
773 3326 846 3376 esse;
866 3310 915 3365 sed
930 3309 985 3363 hoc
998 3325 1237 3379 supervacaneum
1250 3308 1314 3377 fuit,

139 3390 272 3458 quoniam
291 3389 512 3461 Sagaristionem
531 3391 628 3444 statim
647 3391 761 3444 domum
780 3389 905 3456 abducit,
924 3389 974 3443 ubi
989 3389 1137 3444 consilinm
1155 3406 1236 3443 suurn
1250 3405 1315 3442 oum

137 3485 167 3525 eo
196 3470 453 3543 communicaturus
472 3474 522 3525 est.
561 3470 738 3540 spectatores
758 3471 853 3523 autem
871 3487 928 3524 non
946 3471 1123 3541 ignorabant,
1147 3485 1217 3540 quas
1236 3486 1315 3538 syco-

136 3550 268 3618 phantias
291 3549 405 3604 Toxilus
430 3551 526 3606 lenoni
545 3551 776 3620 comparavisset,
805 3568 869 3605 curn
892 3551 950 3606 iam
972 3551 1003 3605 in
1025 3551 1112 3605 tertia
1129 3551 1215 3620 primi
1234 3552 1315 3605 actus

136 3647 219 3686 scena
237 3629 423 3699 audivissent,
448 3647 521 3701 quae
540 3631 654 3686 Toxilus
677 3631 802 3700 parasito
826 3632 1025 3686 mandavisset.
1071 3630 1229 3700 Isendijlr
1252 3631 1314 3700 qni-

137 3710 200 3766 dem
220 3710 291 3764 dicit
308 3713 347 3780 (p.
367 3715 412 3782 86)
432 3712 517 3780 plane
536 3713 565 3766 et
584 3713 680 3780 aperte
706 3729 722 3765 a
747 3713 833 3780 poeta
858 3710 1099 3781 pronuntiandum
1124 3711 1211 3765 fuisse
1233 3709 1314 3765 illam

134 3790 324 3844 venditionem
333 3791 453 3861 parasiti
466 3791 543 3846 filiae
557 3807 589 3845 eo
604 3793 715 3845 tanturn
730 3790 847 3846 oonsilio
862 3791 931 3859 fieri,
944 3793 978 3845 ut
992 3791 1179 3862 Sagaristioni
1192 3792 1315 3861 pecunia

134 3871 305 3924 redderetur.
343 3870 503 3942 Diligenter
524 3870 633 3942 legenti
657 3871 710 3925 hoc
732 3871 913 3941 perspicuum
932 3874 987 3938 est,
1011 3871 1213 3926 etiamsinon
1233 3871 1263 3924 in
1282 3888 1314 3925 os

135 3950 281 4020 ingeritur.
322 3950 478 4020 lsendijlx
497 3951 603 4021 pergit:
629 3951 747 4020 „lmmo,
767 3951 886 4006 simulac
904 3951 1054 4021 pecuniam
1069 3950 1200 4005 alenone
1215 3951 1313 4020 adepti

135 4033 199 4084 sunt
219 4033 266 4100 (sc.
282 4030 396 4086 Toxilus
416 4033 445 4086 et
459 4031 633 4103 Sagaristio),
652 4032 767 4086 Toxilus
787 4032 873 4087 etiarn
891 4033 1001 4101 metuit,
1020 4049 1056 4086 ne
1075 4030 1229 4102 Sagaristio
1249 4048 1313 4085 oum

134 4110 257 4180 pecunia
275 4110 418 4181 aufugiat:
443 4129 492 4166 eur
514 4111 560 4165 hic
578 4117 683 4180 metus,
704 4112 727 4167 si
746 4129 779 4167 oo
798 4113 861 4182 ipso
880 4113 997 4168 oonsilio
1017 4113 1107 4168 omnis
1126 4112 1200 4181 lapis
1219 4114 1313 4166 motus

134 4193 219 4259 esset,
244 4193 277 4245 ut
301 4190 488 4261 Sagaristioni
510 4193 632 4261 pecnnia
655 4193 854 4247 redderetur?“
892 4192 1016 4258 Quorum
1038 4209 1074 4246 ne
1092 4211 1179 4246 unum
1197 4191 1313 4261 quidem

133 4271 251 4325 verbum
273 4273 335 4326 tota
352 4275 438 4327 Persa
461 4274 565 4340 exstat,
589 4273 644 4327 nisi
668 4272 741 4328 forte
759 4271 919 4342 Isendijlx
937 4291 961 4327 v.
982 4273 1137 4340 aeonion,
1161 4272 1211 4326 nbi
1229 4271 1313 4326 Toxi·

134 4349 177 4405 lus
190 4349 424 4421 -Sagaristionem
447 4354 555 4407 monet:
584 4353 641 4420 „At
663 4370 697 4407 ne
720 4369 781 4408 enm
804 4359 916 4424 argento
938 4355 1079 4420 protinam
1096 4353 1242 4422 permittam
1264 4353 1311 4405 do·

134 4448 222 4498 mnm,
243 4448 349 4498 moneo,
372 4437 425 4486 τω(
462 4431 542 4496 Quod
560 4434 642 4486 caute
661 4432 786 4500 Toxilus,
804 4434 838 4486 nt
856 4432 1053 4487 antecedentia
1071 4432 1156 4486 verba
1175 4431 1235 4485 sine
1252 4431 1313 4485 ullo

135 4510 220 4566 dubio
241 4511 354 4580 docent,
380 4529 412 4566 eo
436 4515 548 4566 tantuna
567 4512 684 4566 consilio
703 4513 786 4581 dicit,
805 4529 842 4566 ne
860 4511 955 4566 lenoni
974 4511 1096 4580 suspicio
1114 4513 1268 4579 moveatur,
1287 4511 1312 4564 si

1044 4601 1096 4653 11⁸
