3275 5192
752 318 993 384 —152-

282 500 427 568 tabulae
452 499 549 562 exile
577 519 671 581 esse,
701 503 894 562 amationis
917 499 1089 563 servilis“
1113 503 1195 582 dixit,
1219 502 1256 563 ah
1278 503 1462 582 Ussingio,

282 601 334 679 qui
358 598 480 662 Persam
504 597 610 678 edidit,
637 606 667 660 et
690 599 726 660 ah
749 599 966 679 lsendijlrio,
988 603 1041 680 qui
1065 600 1100 661 de
1124 603 1329 681 repugnantiis
1351 602 1384 662 in
1405 601 1463 661 hac

282 696 379 766 lahula
409 699 482 776 egit,
510 698 637 776 repetita
665 704 695 758 et
721 699 807 776 quasi
834 716 890 778 pro
917 697 1002 760 titulo
1030 702 1193 778 praemissa
1221 708 1299 760 sunt
1345 698 1462 770 Quibus

282 795 444 860 camerarii
467 794 566 857 verbis
590 796 699 856 Persae
728 804 935 875 argumentum
963 815 997 857 ea
1022 796 1057 857 de
1086 815 1174 858 cansa
1198 797 1274 858 exile
1298 796 1358 858 dici
1379 795 1462 858 ride·

281 902 339 972 tur,
354 895 432 973 quia
456 912 583 954 servus
607 901 684 954 amat
707 902 737 956 et
761 911 888 954 servus
912 895 1037 955 amicam
1062 893 1152 956 ducit
1198 893 1241 955 Ne
1266 913 1321 974 ego
1339 895 1460 974 quidem

281 992 369 1053 huius
398 991 512 1052 lahulae
540 1000 748 1070 argumentum
776 993 918 1052 eximium
946 1011 1013 1054 esse
1037 992 1254 1072 contenderim,
1277 1011 1382 1054 rerum
1404 995 1461 1054 mi·

281 1108 338 1150 nus
362 1109 396 1151 ea
419 1108 452 1151 re
476 1097 649 1168 commotae,
673 1089 752 1169 quod
776 1107 930 1150 servorum
955 1108 1003 1150 res
1027 1092 1124 1169 agitur
1146 1091 1341 1170 hominesque
1364 1091 1460 1151 illibe-

282 1187 359 1253 rales
381 1191 493 1267 primas
516 1196 617 1266 partes
640 1187 783 1268 obtinent,
807 1206 896 1267 quam
920 1190 1062 1267 quiores
1086 1208 1161 1268 quae
1186 1191 1283 1268 agitur
1301 1189 1386 1250 exilis
1405 1196 1462 1268 est,

282 1304 350 1348 cum
377 1286 408 1345 id
435 1288 624 1366 potissimum
652 1293 769 1364 agatur,
796 1292 830 1345 nt
853 1284 998 1347 Dordalus
1026 1285 1093 1347 leno
1116 1287 1212 1347 Toxili
1240 1286 1315 1348 dolis
1338 1296 1463 1366 argento

282 1383 474 1444 defraudetur
497 1393 526 1444 et
549 1382 627 1444 ultro
651 1383 727 1444 male
751 1383 900 1444 mulcetur
923 1391 1011 1464 atque
1031 1403 1065 1445 eo
1085 1385 1146 1446 solo
1166 1385 1299 1464 oonsilio,
1321 1395 1356 1446 ut
1378 1387 1462 1446 valro

282 1500 368 1542 servo
393 1484 477 1561 copia
501 1484 612 1543 amicae
635 1482 694 1542 fiat.
736 1481 800 1552 Qua
824 1483 905 1542 enim
929 1500 962 1543 re
981 1481 1089 1546 Persae
1113 1492 1320 1562 argnmentum
1339 1483 1375 1544 ah
1390 1483 1461 1544 alia·

281 1599 348 1641 rum
379 1579 543 1641 fabularum
577 1581 759 1659 argumentis
793 1578 906 1657 differt,
938 1582 970 1640 in
1003 1580 1112 1660 quihus
1142 1588 1175 1643 ut
1203 1581 1386 1643 adulescenti
1412 1581 1460 1642 vel

282 1680 380 1757 etiam,
404 1678 482 1758 quod
505 1681 591 1758 peins
615 1686 668 1756 est,
693 1681 759 1739 seni
782 1680 926 1740 meretrix
945 1677 1090 1758 quaedam
1113 1687 1253 1758 appareat
1272 1682 1378 1759 agitur,
1401 1682 1461 1741 nisi

281 1795 324 1855 ea,
348 1777 426 1856 quod
449 1780 481 1837 in
504 1775 594 1838 Persa
618 1784 731 1837 amator
753 1795 867 1856 servus,
890 1780 922 1838 in
946 1778 1011 1838 aliis
1034 1777 1141 1839 lahnlis
1161 1786 1259 1839 antem
1277 1779 1365 1839 homo
1383 1778 1463 1840 liher

282 1871 348 1935 est?
394 1873 512 1955 Nonne,
542 1893 665 1955 quaeso,
695 1875 800 1936 talium
831 1874 997 1936 fabularum
1020 1884 1194 1954 argumenta
1216 1876 1309 1937 multo
1337 1877 1462 1938 exiliora

281 1979 363 2048 sunt,
393 1980 495 2052 utpote
519 1975 550 2032 in
574 1972 682 2052 quihus
706 1972 876 2034 hominibus
904 1973 1007 2035 liberis
1030 1973 1226 2035 verecundiae
1249 1993 1308 2034 non
1332 1977 1371 2034 sit
1393 1973 1460 2034 lihi-

282 2069 361 2131 dinis
384 2077 499 2132 tantum
523 2069 685 2150 explendae
709 2089 797 2132 causa
816 2074 1006 2133 meretricem
1026 2070 1201 2133 illiberalem
1221 2080 1368 2151 expetere,
1392 2091 1461 2132 cum

281 2170 313 2228 in
335 2168 427 2230 Persa
451 2187 554 2230 servus
579 2170 703 2229 amicam
731 2171 779 2229 sui
809 2171 928 2248 generis
957 2178 988 2231 et
1012 2169 1126 2230 ordinis
1149 2171 1255 2248 suique
1279 2169 1461 2230 simillimam

280 2265 340 2327 sihi
363 2285 533 2346 comparare
557 2264 703 2328 conetur?

371 2363 570 2425 Nihilominus
593 2363 702 2425 Persae
731 2373 939 2442 argumentum
963 2383 996 2426 ea
1019 2384 1052 2426 re
1076 2368 1270 2445 conspicuum
1295 2373 1353 2445 est,
1381 2366 1462 2446 quod

282 2481 386 2524 servus
409 2480 468 2524 non
493 2462 588 2522 solum
611 2464 723 2541 primas
746 2473 848 2540 partes
871 2465 944 2542 agit,
969 2446 1004 2524 nt
1025 2465 1057 2524 in
1080 2463 1231 2543 plerisque
1255 2464 1321 2526 aliis
1344 2482 1461 2525 comoe-

283 2560 348 2640 diis,
372 2560 424 2622 sed
449 2562 536 2621 etiam
561 2562 712 2621 servires
736 2562 846 2640 agitur,
874 2580 943 2622 cum
966 2561 1088 2622 Toxilus
1116 2580 1220 2622 servus
1248 2565 1372 2623 amicam
1399 2581 1461 2623 non

282 2677 338 2723 ero
357 2677 419 2738 suo,
443 2658 496 2719 sed
520 2658 577 2718 sihi
597 2661 655 2738 ipsi
674 2667 834 2736 comparet.
871 2658 956 2729 Quod
975 2658 1011 2720 ad
1030 2659 1107 2720 hanc
1126 2661 1302 2721 amotionem
1321 2661 1461 2721 servilem

282 2759 399 2835 attinet,
427 2755 518 2816 Persa
536 2758 620 2822 inter
648 2754 761 2816 fabulas
785 2755 936 2818 Plautinas
959 2749 1005 2840 (et
1027 2752 1236 2842 Terentianas)
1261 2758 1322 2819 sola
1347 2767 1377 2820 et
1399 2761 1461 2818 sin·

281 2854 391 2934 gularis
415 2862 519 2916 exstat.
540 2883 543 2889 ·
566 2853 714 2914 Nimirum
739 2873 841 2916 servos
865 2873 964 2916 amare
987 2855 1033 2916 vel
1056 2858 1182 2917 amicam
1202 2855 1310 2919 deicere
1334 2877 1370 2918 ex
1394 2857 1462 2918 aliis

281 2971 398 3033 quoque
432 2950 539 3013 fabulis
576 2954 713 3014 innotuit.
773 2952 811 3012 ln
839 2953 1054 3032 Amphitruone
1086 2954 1207 3033 quidem
1240 2956 1324 3016 Sosia
1356 2972 1462 3016 servus

280 3049 417 3111 hostihus
440 3052 528 3110 victis
552 3059 581 3110 et
599 3068 632 3110 re
651 3050 727 3111 hene
746 3059 829 3129 gesta
848 3060 882 3111 ut
899 3051 1145 3131 Amphitruonem
1164 3051 1341 3114 Alcumenae
1363 3054 1462 3131 uxori,

280 3150 321 3209 ita
351 3166 384 3208 se
415 3150 526 3208 amicae
557 3166 627 3209 suae
658 3155 863 3226 exspectatum
892 3157 1051 3211 venturum
1082 3169 1148 3211 esse
1176 3161 1276 3229 sperat
1300 3143 1339 3233 (v.
1369 3144 1461 3234 659).

280 3245 314 3306 ln
337 3245 431 3306 lllilite
455 3244 588 3306 Glorioso
611 3245 772 3306 Palaestrio
801 3247 919 3325 etipse
947 3267 1051 3309 servus
1074 3248 1297 3327 Milphidippam
1321 3265 1460 3326 sponsam
1507 3291 1510 3298 ·

282 3362 365 3405 suam
389 3345 488 3404 statim
511 3362 634 3404 uxorem
659 3343 802 3406 ducturus
826 3352 880 3423 est,
904 3345 956 3405 uhi
979 3365 1029 3406 era
1056 3347 1121 3406 eins
1143 3344 1362 3423 Pyrgopolinici
1384 3364 1461 3423 nup-

282 3443 355 3502 serit
385 3434 425 3524 (v.
457 3436 701 3526 root-1008).
755 3443 874 3504 Stichus
905 3462 1022 3523 quoque
1052 3445 1084 3502 in
1113 3440 1223 3518 lahula,
1254 3459 1328 3519 quae
1357 3440 1393 3499 ab
1423 3458 1461 3499 co

282 3539 469 3600 denominata
493 3548 552 3618 est,
580 3539 774 3619 Stephanium
803 3543 848 3602 eri
876 3542 923 3600 sui
951 3541 1051 3600 fratris
1075 3538 1212 3598 ancillam
1234 3555 1384 3598 unacum
1408 3536 1461 3597 Sa·

281 3639 385 3717 garino
414 3639 539 3699 amicam
567 3638 657 3700 hahet
685 3645 714 3698 et
744 3656 799 3716 per
826 3638 945 3697 hortum
970 3634 1007 3694 ad
1030 3652 1096 3694 eam
1119 3636 1301 3695 transiturus
1325 3642 1378 3713 est,
1402 3653 1460 3714 qua

281 3743 368 3796 nocte
392 3736 508 3798 truatur
532 3730 572 3820 (v.
592 3729 795 3819 431-438).
841 3734 885 3794 Ex
908 3734 955 3792 his
978 3731 1060 3811 lociS,
1085 3734 1135 3810 qui
1159 3733 1247 3792 etiam
1272 3732 1337 3792 aliis
1357 3735 1463 3811 angeri

280 3841 419 3914 possunt,
448 3837 518 3896 satis
547 3834 644 3895 elucet
672 3851 773 3894 servos
801 3834 833 3891 in
862 3829 1023 3891 comoediis
1051 3847 1150 3889 amare
1177 3838 1319 3891 nontam
1343 3830 1461 3892 inaudi-

281 3941 344 3994 tum
369 3951 444 4013 esse,
468 3951 556 4012 quarn
579 3933 676 4011 primo
700 3929 805 3990 obtutu
828 3930 898 3989 huic
920 3927 966 3988 vel
985 3927 1030 3988 illi
1048 3926 1141 3988 videri
1161 3930 1263 4008 possit,
1287 3936 1317 3990 et
1340 3927 1461 3989 aliunde

281 4033 411 4093 innotuit
438 4031 531 4091 servis
562 4031 588 4089 si
615 4047 674 4088 non
705 4029 890 4110 coniugium,
923 4034 1051 4087 attamen
1080 4025 1308 4087 contubernium
1338 4025 1373 4086 ah
1399 4027 1461 4086 eris

281 4131 461 4208 permissum
485 4145 564 4206 esse,
592 4144 667 4206 quae
696 4143 744 4186 res
772 4126 819 4185 his
848 4143 886 4185 ne
913 4125 1029 4203 ingrata
1052 4123 1171 4203 quidem
1196 4123 1265 4203 init,
1292 4126 1362 4204 quia
1389 4142 1460 4183 con·

281 4226 420 4287 tuhernio
444 4223 733 4292 servorumiamilia
753 4223 923 4302 augebatur.
960 4224 997 4284 At
1014 4222 1104 4283 talem
1124 4223 1300 4283 amationem
1320 4222 1459 4283 servilem

281 4326 312 4383 in
336 4322 434 4384 fabula
464 4325 594 4402 primum
623 4321 721 4383 locum
748 4329 852 4383 tenere
881 4340 1005 4401 eamque
1032 4322 1224 4400 potissimum
1252 4327 1460 4399 argumentum

281 4421 401 4500 explere
425 4423 504 4482 inter
527 4439 616 4482 unam
640 4428 669 4482 et
692 4422 797 4501 viginti
821 4419 988 4482 comoedias
1011 4418 1161 4480 Plautinas
1187 4437 1285 4497 neque
1308 4419 1462 4478 invonitur
