3275 5192
686 377 929 439 -161-

305 556 348 617 lta
371 558 403 617 in
425 558 599 618 universum
623 555 659 618 de
683 560 931 619 contaminatione
955 557 1063 618 iudico.
1105 557 1190 629 Quod
1213 558 1250 619 ad
1272 559 1395 620 Persam

211 657 331 734 attinet,
350 663 409 716 tam
429 654 618 734 generalibus
638 654 901 717 deliberationibus
921 674 980 716 non
999 675 1073 735 opus
1092 656 1193 717 estad
1213 657 1395 737 probandam

214 753 333 815 fabulae
346 755 557 833 integritatem,
572 756 681 833 quippe
692 773 767 834 quae
778 772 814 815 ex
825 756 890 833 ipso
899 761 1074 832 argumento
1084 753 1205 834 probari
1213 757 1317 834 possit
1344 756 1394 816 nt-

212 871 277 931 que
291 853 421 931 primum
445 851 565 931 quidem
588 852 757 916 mirandum
776 860 822 912 est
840 852 971 927 Persam,
995 871 1071 931 quae
1095 852 1215 932 quidem
1239 872 1327 914 causa
1350 861 1396 914 est

212 951 404 1012 extrinsecus
428 953 653 1029 superveniens,
674 949 796 1012 brevem
816 969 883 1011 esse
902 949 1031 1011 fabulam
1051 953 1289 1030 octingentorum
1309 955 1395 1031 quin-

213 1050 357 1128 quaginta
381 1057 495 1128 septem
518 1066 672 1127 versuum,
701 1050 752 1128 qui
775 1050 824 1108 vix
847 1051 915 1125 uni,
939 1047 1049 1108 nedum
1074 1047 1189 1110 duobus
1213 1051 1396 1130 argumentis

216 1146 356 1208 sufficere
384 1146 535 1226 videntur,
568 1165 637 1207 cum
664 1146 748 1208 Miles
777 1145 930 1208 Gloriosus
958 1155 989 1208 et
1015 1146 1176 1226 Poenulus,
1208 1166 1284 1227 quae
1315 1155 1396 1209 certe

215 1247 433 1305 contaminatae
462 1253 544 1324 sunt,
575 1245 643 1326 plus
671 1245 751 1306 mille
780 1253 811 1306 et
837 1244 1069 1324 quadringentos
1096 1263 1201 1306 versus
1229 1245 1396 1307 exhibeant

216 1342 278 1404 Sed
300 1343 371 1404 huic
394 1345 439 1404 rei
462 1362 521 1404 non
545 1345 671 1404 nimium
695 1342 802 1404 tribuo.
849 1342 1014 1405 Certiorem
1038 1342 1074 1403 ad
1102 1345 1215 1404 exitum
1242 1343 1396 1423 pervenie-

216 1459 300 1519 mus,
332 1443 358 1502 si
391 1441 554 1502 rationibus
583 1440 618 1502 ab
646 1441 846 1521 lsendijkio
874 1442 1035 1521 propositis
1062 1450 1270 1521 argumentum
1297 1445 1397 1522 ipsum

216 1539 316 1606 denuo
344 1539 454 1600 iudicio
483 1538 673 1600 subiciemus.
720 1538 806 1600 Certe
835 1541 939 1618 negari
967 1558 1026 1600 non
1054 1547 1152 1619 potest
1174 1539 1282 1600 Persae
1311 1557 1396 1618 argu-

216 1644 353 1698 mentum
377 1640 408 1698 in
432 1637 504 1698 duas
527 1645 627 1717 partes
651 1637 741 1698 dilabi
764 1638 873 1717 videri,
900 1657 969 1698 cum
992 1639 1025 1698 in
1047 1638 1139 1699 altera
1166 1637 1198 1698 id
1221 1645 1337 1717 agatur,
1364 1646 1398 1698 ut

215 1735 322 1796 Toxilo
346 1743 501 1814 argentum
521 1735 557 1796 ad
576 1735 760 1797 liberandam
779 1737 905 1796 amicam
924 1754 941 1795 a
960 1735 1160 1815 Sagaristione
1182 1735 1397 1816 suppeditetur,

216 1836 251 1893 in
266 1833 365 1913 altera,
381 1834 573 1912 Sagaristioni
587 1843 621 1895 ut
631 1842 787 1913 argentum
797 1834 946 1913 reddatur,
962 1833 1042 1914 quod
1056 1834 1228 1895 defraudato
1239 1834 1345 1895 lenone
1355 1835 1397 1895 lit

215 1931 278 1992 Sed
311 1933 424 1993 nemini
460 1933 520 1993 nisi
550 1950 656 2012 parum
694 1932 853 2012 diligenter
889 1932 1000 2011 legenti
1038 1940 1068 1992 et
1105 1935 1285 1994 examinanti
1323 1931 1398 1993 duae

214 2031 351 2091 actiones
380 2030 479 2090 dirimi
507 2039 537 2091 et
563 2049 618 2110 per
646 2050 677 2092 se
707 2039 825 2093 exstare
851 2030 948 2092 videri
974 2038 1108 2110 possunt.
1149 2029 1229 2117 Nam¹
1252 2049 1320 2090 cum
1339 2033 1398 2091 iam

215 2130 305 2202 initio
329 2121 369 2212 (v.
394 2123 451 2213 37)
476 2128 596 2190 Toxilus
620 2129 813 2208 Sagaristioni
837 2131 1024 2209 promisisset
1050 2147 1082 2189 se
1107 2131 1135 2188 ei
1156 2136 1310 2207 argentum
1330 2147 1398 2189 mox

217 2226 407 2289 redditurum
445 2245 524 2306 esse,
558 2227 649 2288 altera
682 2247 752 2308 pars
785 2227 901 2289 fabulae
933 2246 993 2288 non
1026 2228 1120 2305 magis
1154 2226 1258 2286 abesse
1291 2233 1398 2304 potest,

215 2344 317 2405 quam,
337 2325 451 2385 silicet
470 2325 603 2404 exempla
622 2326 791 2405 tragoediae
811 2326 927 2404 afferre,
946 2325 1105 2386 ulteriores
1123 2332 1225 2404 partes
1244 2324 1398 2402 Sophoclis

216 2425 317 2484 Aiacis
340 2422 386 2484 vel
410 2422 619 2502 Sbakespearii
646 2423 714 2484 lulii
738 2423 886 2502 Caesaris,
919 2421 1028 2502 quibus
1055 2424 1088 2482 in
1116 2422 1275 2502 tragoediis
1303 2429 1397 2482 morte

217 2540 416 2602 personarum
439 2524 612 2601 primarum,
636 2541 652 2582 a
676 2521 784 2601 quibus
804 2522 920 2582 fabulae
940 2521 1145 2596 denominatae
1164 2528 1242 2598 sunt,
1266 2521 1397 2580 actiones

217 2622 342 2692 minime
361 2626 498 2699 peractae
518 2628 596 2698 sunt,
616 2619 751 2681 sedtum
771 2619 900 2697 demum,
924 2638 992 2679 eum
1011 2620 1199 2698 quaestiones
1217 2617 1399 2697 principales

217 2717 376 2797 expeditae
409 2725 438 2778 et
470 2717 506 2779 ad
538 2719 629 2778 finem
661 2717 822 2798 perductae
855 2725 933 2778 sunt
979 2715 1163 2795 Quamquam
1199 2716 1303 2793 negari
1339 2733 1398 2776 non

218 2822 319 2895 potest
345 2818 377 2875 in
405 2815 495 2877 Persa
526 2815 649 2877 alteram
681 2825 796 2896 partem
829 2817 955 2876 nimium
987 2817 1050 2876 fere
1083 2815 1211 2894 spatium
1244 2831 1398 2892 occupare.

217 2913 280 2974 Sed
303 2914 375 2975 baec
399 2932 448 2975 res
472 2933 532 2975 non
555 2914 689 2974 miranda
717 2922 775 2993 est,
808 2933 877 2974 cum
907 2932 941 2974 ea
964 2931 1034 2992 pars
1058 2911 1173 2972 fabulae
1195 2913 1227 2972 in
1251 2930 1309 2990 qua
1332 2911 1398 2971 leno

218 3015 393 3092 emungitur
410 3020 514 3092 poetae
534 3012 689 3073 meliorem
708 3014 895 3072 occasionem
914 3017 1096 3089 spectatores
1118 3010 1211 3069 facete
1230 3007 1399 3069 oblectandi

219 3111 342 3172 offerret
365 3129 454 3189 quam
472 3112 555 3188 prior
579 3118 607 3170 et
631 3129 699 3170 cum
721 3111 835 3187 comici,
858 3110 970 3170 utiam
990 3125 1078 3186 supra
1099 3106 1169 3185 dixi,
1193 3108 1311 3185 saepius
1331 3125 1400 3168 cum

220 3205 329 3268 damno
353 3210 443 3269 totius
469 3208 559 3268 rebus
583 3208 708 3287 singulis
732 3207 829 3287 lepide
854 3205 1048 3285 depingendis
1071 3203 1198 3265 multum
1221 3203 1398 3265 tribuerent

310 3305 372 3366 lam
395 3309 422 3366 si
445 3307 491 3366 his
514 3309 546 3366 in
569 3308 741 3367 universum
764 3307 937 3385 praemissis
960 3304 1068 3364 Persae
1097 3310 1303 3380 argumentum
1330 3301 1399 3362 bre·

221 3406 299 3465 viter
329 3406 602 3483 recognoverimus
635 3405 821 3465 inveniemus
853 3401 981 3463 tabulam
1013 3403 1073 3462 iam
1105 3388 1173 3461 inde
1206 3398 1242 3460 ab
1270 3401 1355 3460 initio
1383 3419 1400 3460 a
1515 3413 1516 3418 ’

221 3510 309 3583 poeta
328 3505 368 3563 ita
388 3505 580 3582 compositam
600 3520 674 3580 esse,
693 3503 776 3562 utin
795 3519 855 3561 uno
875 3507 1049 3580 argumento
1067 3507 1246 3560 versaretur.
1277 3498 1399 3559 Toxilus

222 3619 326 3662 servus
349 3619 418 3662 cum
442 3602 469 3661 ei
499 3600 536 3661 ad
563 3599 745 3660 liberandam
770 3601 895 3660 amicam
923 3599 1069 3660 sescentis
1092 3599 1222 3658 nummis
1250 3615 1324 3676 opus
1353 3597 1400 3675 sit,

222 3699 454 3778 Sagaristionem
469 3701 597 3759 amicum
615 3704 688 3776 orat,
707 3706 740 3759 ut
755 3697 812 3758 sibi
828 3704 983 3776 argentum
998 3703 1158 3774 comparet,
1177 3695 1256 3774 quod
1271 3713 1302 3755 se
1316 3693 1400 3755 brevi

223 3805 290 3876 post
313 3799 406 3858 amico
430 3795 617 3857 redditurum
640 3814 707 3856 esse
731 3797 881 3874 expressis
904 3794 1003 3854 verbis
1027 3794 1155 3853 affirmat
1178 3785 1218 3874 (v.
1236 3789 1293 3852 37:
1320 3793 1400 3864 Quos

223 3901 366 3957 continuo
388 3898 444 3956 tibi
466 3912 612 3973 reponam
635 3899 667 3954 tn
690 3897 748 3954 boc
772 3897 875 3955 triduo
899 3901 955 3954 aut
977 3884 1204 3973 quadriduo).¹)
1241 3889 1400 3969 Postquam

223 4085 315 4139 solum
332 4085 386 4138 hoc
403 4083 474 4138 vitio
492 4083 612 4150 laborat,
632 4100 695 4137 cum
710 4083 830 4137 actuali
844 4083 984 4136 actionem
998 4081 1045 4136 vix
1057 4080 1230 4150 promoveat,
1249 4078 1401 4132 sedetiam

223 4165 254 4220 in
272 4164 369 4219 multis
389 4165 453 4219 eliis
471 4163 576 4219 fabulis
599 4164 672 4218 tales
695 4179 795 4218 scenae
818 4162 1013 4231 inveniuntur,
1030 4163 1063 4215 ut
1080 4160 1144 4215 Aul.
1162 4159 1245 4232 1115,
1264 4158 1399 4228 Ep.ll1;

224 4244 325 4300 Pseud.
339 4245 352 4296 I
367 4252 391 4312 2,
410 4245 450 4298 ΙΠ
465 4251 492 4313 1;
513 4244 590 4300 Cure.
605 4244 645 4298 IV
660 4250 688 4311 13
707 4243 766 4297 Mil.
781 4243 806 4312 13
822 4243 905 4308 1112;
925 4243 1007 4297 aliae.

315 4327 340 4394 1)
359 4325 437 4382 Haec
450 4342 494 4379 res
508 4325 624 4379 maximi
637 4323 772 4379 momenti
788 4326 839 4392 est,
858 4326 891 4377 ut
905 4341 961 4390 qua
975 4323 1048 4376 duee
1062 4321 1176 4376 fabulae
1190 4322 1285 4391 partes
1300 4319 1400 4373 cohae-

161 4455 186 4476 ⁸
223 4408 314 4460 noant.
352 4405 432 4470 Quod
450 4423 514 4460 cum
527 4405 682 4475 Isendijk
701 4404 881 4475 neglegentia
900 4402 1086 4473 praeterierit,
1104 4417 1161 4455 non
1178 4400 1339 4454 mirandum
1357 4400 1401 4453 est

225 4501 290 4539 cum
307 4485 526 4554 perpetuitatem
550 4485 709 4557 argumenti
732 4485 901 4540 desiderare.
944 4481 1095 4537 Contendit
1118 4481 1193 4552 enim
1215 4498 1243 4549 p.
1259 4484 1293 4533 85
1312 4479 1399 4549 Sega-¹

214 4603 218 4608 ·
281 4584 487 4626 Commentationes
501 4588 616 4627 Ienenses.
644 4585 710 4636 vm,
726 4587 744 4624 1.
1135 4575 1166 4622 11
