3275 5192
677 338 919 403 -151-

140 593 143 596 Ι
208 517 319 579 bouum
343 505 497 597 negotium
521 522 656 599 gesserit,
680 519 762 581 lucro
783 540 836 582 suo
856 521 984 600 gaudere
1003 540 1063 582 uon
1081 529 1187 600 potest.
1225 522 1388 584 Vehemen-

206 618 323 678 tissime
355 619 434 678 enim
466 617 544 678 dolet
574 637 606 680 se
634 620 780 698 virginem
810 637 864 678 suo
893 618 1027 697 periculo
1054 621 1177 680 emisse:
1210 639 1278 680 nam
1301 621 1389 682 iacile

208 715 275 776 lieri
296 733 399 793 posse,
427 723 461 776 ut
488 715 537 776 illa
561 736 650 778 manu
679 725 838 779 asseratur.
883 717 960 778 Turn
983 717 1099 795 Toxilo,
1123 720 1174 797 qui
1198 737 1266 779 enm
1289 721 1388 779 animo

207 815 324 890 ingrato
358 831 424 873 esse
462 813 552 892 dicat,
589 817 698 894 gratias
732 817 796 894 ‘agit
833 823 863 876 et
898 817 1044 894 virginem
1081 815 1255 877 servandam
1289 817 1389 895 tradit,

159 903 167 910 ’
207 910 279 970 dum
306 912 371 990 ipse
402 910 482 972 domi
510 915 604 972 servis
632 912 770 974 mandata
799 912 861 992 det,
892 931 967 992 quae
994 913 1105 974 oblitus
1135 917 1182 975 sit.
1228 913 1285 974 Ubi
1308 914 1389 991 abiit,

206 1007 329 1069 Toxilus
354 1009 541 1070 Saturionem
571 1018 675 1071 evocat
702 1018 731 1072 et
760 1018 875 1089 monet,
898 1030 937 1072 ne
960 1015 1146 1073 occasionem
1171 1012 1285 1073 lenonis
1314 1012 1388 1073 ulci-

207 1105 312 1167 scendi
334 1109 560 1186 praetermittat.

226 1202 229 1208 '
296 1204 334 1264 lV
350 1201 378 1265 8.
416 1204 591 1267 Dordalus
616 1205 693 1267 redit
717 1213 746 1266 et
765 1205 914 1266 Toxilus
936 1213 1092 1286 postquam
1117 1226 1185 1268 eum
1204 1210 1311 1268 merita
1335 1227 1388 1268 sua

207 1303 435 1364 commonefecit
463 1310 493 1364 et
520 1305 629 1388 iterum
654 1306 778 1383 gratiam
804 1304 840 1364 ab
864 1323 898 1365 eo
922 1307 1002 1383 iniit,
1026 1323 1094 1366 cum
1118 1307 1183 1367 eius
1207 1305 1313 1367 liberta
1338 1306 1388 1368 de·

206 1401 365 1462 cubiturus
389 1401 458 1461 abit.
1304 1452 1305 1455 ,

298 1499 335 1560 lV
350 1494 379 1559 9.
417 1500 470 1558 Vix
489 1499 610 1560 Toxilus
635 1499 716 1578 abiit,
740 1519 807 1561 cum
828 1501 971 1562 Saturio
995 1502 1073 1562 foras
1097 1519 1130 1562 se
1152 1503 1280 1581 proripit
1304 1502 1388 1562 illum

204 1585 360 1660 bominem
382 1596 565 1676 perditurus,
589 1600 641 1677 qui
665 1597 754 1658 liliam
778 1617 862 1660 suam
882 1601 997 1660 emerit.
1039 1599 1153 1660 Etiam
1171 1601 1254 1678 virgo
1273 1607 1386 1678 patrem

206 1697 341 1774 agnoscit
364 1702 394 1755 et
416 1694 531 1774 salutat,
555 1714 623 1756 cum
646 1695 714 1757 leno
738 1699 839 1758 statim
862 1716 895 1758 se
918 1700 1069 1758 interiisse
1093 1705 1123 1758 et
1141 1697 1252 1758 babere
1271 1692 1388 1758 intelle-

206 1796 264 1872 git,
297 1811 351 1853 cur
380 1795 532 1872 sexaginta
562 1795 657 1854 minas
689 1793 877 1855 lamentetur.
930 1794 968 1854 Et
996 1813 1056 1855 non
1086 1793 1181 1856 solum
1210 1794 1264 1855 bas
1292 1797 1388 1856 minas

207 1890 315 1971 perdit,
339 1890 504 1953 sedetiam
528 1910 544 1950 a
569 1891 725 1953 Saturione
749 1895 780 1952 in
803 1895 851 1952 ius
874 1878 1007 1971 vocatur,
1036 1894 1146 1972 quippe
1169 1897 1223 1968 qui
1246 1911 1389 1954 commer-

206 1979 297 2051 cetor
318 1992 454 2050 domines
476 1992 595 2051 liberos.

296 2085 363 2148 Vl.
401 2080 550 2148 Toxilus
579 2105 612 2148 re
635 2086 710 2148 bene
735 2096 817 2166 gesta
841 2105 944 2147 cenam
967 2088 1089 2166 pararit,
1112 2087 1161 2146 cui
1184 2094 1304 2165 praeter
1327 2087 1387 2149 Sa·

202 2188 388 2247 ‘lurionem
419 2187 542 2264 eiusque
574 2185 690 2246 liliam
723 2203 826 2246 omnes
857 2185 1017 2264 participes
1048 2184 1108 2244 doli
1135 2183 1262 2246 Dordalo
1291 2188 1388 2264 parati

207 2286 365 2345 intersunt.
420 2283 579 2362 Postquam
617 2282 662 2343 dis
695 2285 803 2362 gratias
837 2285 897 2361 egit
929 2284 1086 2361 omniaque
1118 2285 1318 2362 praeparavit,
1355 2291 1388 2345 ut

206 2382 346 2442 convivae
365 2381 461 2459 geniis
481 2381 543 2441 suis
562 2379 638 2441 bene
658 2380 799 2462 lacerent,
820 2379 1106 2441 Lemniselenem
1125 2380 1279 2460 amplexus
1299 2381 1388 2461 Saga·

207 2481 363 2540 ristionem
393 2477 569 2539 accumbere
599 2478 689 2540 iubet.
735 2479 793 2550 Qui
824 2479 943 2558 cyathos
974 2477 1032 2538 sibi
1063 2478 1135 2538 ferri
1165 2478 1248 2539 iubet
1275 2488 1306 2541 et
1332 2497 1387 2558 pro

206 2595 261 2638 sua
285 2576 379 2637 salute
404 2585 434 2636 et
452 2576 549 2637 Toxili
572 2584 602 2638 et
620 2579 732 2638 amicae
752 2579 816 2638 eius
835 2576 920 2638 bibit
962 2574 1073 2637 Omnes
1092 2576 1253 2638 fortissime
1272 2576 1388 2657 poculis

206 2682 332 2736 utuntur
362 2681 391 2735 et
414 2673 629 2736 Lemniselenis
653 2678 846 2736 meretricum
868 2693 952 2736 more
975 2675 1023 2733 rix
1049 2694 1065 2734 a
1089 2676 1197 2735 ceteris
1220 2682 1386 2754 superatur.

297 2769 363 2833 V2.
399 2771 578 2834 Dordalus
596 2772 788 2852 progreditur
809 2792 841 2834 se
861 2775 993 2834 omnium
1012 2773 1165 2833 bominum
1184 2775 1387 2834 miserrimum

204 2889 273 2932 esse
301 2870 477 2951 praedicans
505 2879 535 2931 et
563 2870 759 2932 calamitatem
788 2890 871 2932 suam
900 2872 1068 2932 miserrime
1091 2870 1265 2931 lamentans.
1310 2870 1387 2931 Tum

204 2969 347 3047 Toxilo,
371 2971 422 3049 qui
445 2970 525 3029 hunc
549 2968 649 3029 dolum
674 2969 732 3029 sibi
750 2972 876 3047 nexerit,
900 2970 969 3049 quia
988 2970 1104 3046 argenti
1122 2967 1212 3028 tidem
1230 2970 1258 3028 ei
1276 2968 1386 3029 babere

207 3067 344 3146 noluerit,
368 3068 558 3146 gravissimas
581 3085 694 3146 poenas
717 3069 856 3145 minatus,
879 3065 932 3126 ubi
951 3084 1021 3126 erus
1040 3068 1105 3126 eius
1124 3065 1256 3144 redierit,
1280 3068 1386 3126 comis·

206 3173 306 3226 santes
330 3163 539 3226 animadvertit
563 3172 593 3224 et
616 3183 671 3244 per
694 3167 866 3226 irrisionem
890 3162 1037 3243 quandam
1061 3163 1174 3224 salutat.
1219 3164 1264 3224 dd
1282 3182 1386 3224 cenam

158 3291 161 3298 ·
205 3263 349 3324 eToxilo
380 3265 520 3324 invitatus
551 3263 724 3341 gravissima
753 3265 797 3322 ira
827 3260 998 3324 incenditur
1020 3269 1050 3323 et
1073 3278 1111 3322 ne
1135 3262 1202 3340 quis
1225 3261 1271 3322 vel
1294 3261 1386 3340 digito

206 3363 306 3441 ipsum
330 3363 454 3440 attingat
477 3367 578 3421 monet
601 3359 847 3421 Lemnis-eleni
870 3360 1018 3440 imprimis
1048 3361 1156 3437 iratus,
1187 3377 1262 3437 quae
1286 3359 1386 3420 dolum

207 3465 386 3539 quamquam
410 3460 532 3520 sciverit
555 3461 652 3537 ipsum
673 3457 820 3519 celaverit.
857 3456 991 3536 Denique
1010 3476 1026 3516 a
1044 3456 1199 3535 Paegnio
1222 3455 1386 3517 identidem

206 3557 283 3618 male
310 3558 470 3635 mulcatus,
504 3555 574 3618 dum
602 3556 723 3617 Toxilus
751 3559 815 3636 ipse
841 3554 1002 3634 Paegnium
1032 3555 1175 3615 desistere
1203 3553 1299 3633 iubet,
1325 3553 1386 3614 Sa-

205 3656 445 3732 garistionem
468 3653 590 3715 Persam
609 3653 692 3715 illum
712 3672 778 3716 esse
803 3655 945 3733 agnoscit,
968 3673 983 3714 1
1004 3672 1062 3732 quo
1083 3654 1251 3713 miserrime
1265 3671 1386 3714 emunc-

207 3759 256 3812 tus
287 3753 333 3811 sit.
385 3750 569 3831 Quamquam
601 3752 650 3813 hic
681 3771 713 3812 se
746 3752 827 3812 illius
857 3754 1009 3830 geminum
1039 3750 1160 3811 fratrem
1191 3769 1258 3810 esse
1287 3767 1385 3829 neque

205 3851 366 3929 quicquam
390 3866 422 3908 se
447 3851 592 3910 meruisse
616 3850 776 3929 praedicat,
800 3858 899 3910 tamen
922 3851 1015 3909 iratus
1039 3849 1106 3909 leno
1131 3849 1220 3926 capiti
1239 3849 1304 3908 eius
1323 3865 1385 3908 om·

206 3949 256 4008 nia
283 3945 359 4007 mala
386 3954 534 4026 precatur.
579 3947 691 4008 lleinde
715 3947 836 4008 Toxilus
864 3965 933 4007 cum
956 3949 1066 4007 iterum
1090 3945 1251 4023 Paegnium
1274 3943 1385 4005 Dorda-

207 4045 268 4106 lum
292 4044 451 4105 verberare
479 4046 602 4104 iusserit
630 4053 661 4106 et
683 4044 899 4106 Lemniselenis
926 4063 982 4124 pro
1005 4063 1040 4104 eo
1065 4042 1219 4122 deprecari
1242 4061 1313 4103 ausa
1337 4045 1384 4122 sit,

206 4143 398 4204 vehementer
430 4142 554 4202 amicam
586 4143 722 4221 increpat
753 4151 783 4204 et
814 4150 848 4203 ut
878 4143 956 4203 dicto
986 4141 1147 4202 oboediens
1178 4142 1217 4201 sit
1246 4139 1384 4219 postulat.

206 4240 339 4320 Denique
368 4240 437 4301 leno
467 4257 572 4300 manus
602 4241 732 4301 inimicis
763 4241 812 4301 dat
841 4250 872 4301 et
902 4249 1005 4300 cantor
1034 4247 1215 4318 spectatores
1243 4237 1384 4317 plaudere

206 4338 298 4417 iubet,
321 4340 389 4418 quia
412 4338 479 4399 leno
502 4339 635 4417 perierit.

297 4436 316 4513 ξ
341 4434 370 4496 2.
416 4436 510 4498 Verba
530 4435 740 4515 Camerarii,
759 4439 812 4516 qui
830 4439 946 4515 primus
964 4442 1233 4514 „argumentum
1252 4434 1383 4494 Persae
