3275 5192
735 311 978 376 ,184-

265 502 294 555 et
319 494 397 574 quod
426 493 546 575 quidem
575 494 612 555 ad
634 494 772 555 Arabiam
799 496 929 574 pertinet
957 493 1071 555 nullum
1098 493 1286 554 mendacium
1312 512 1447 574 pronun·

264 593 341 652 tians
366 593 545 672 sycophanta
568 591 677 654 addere
700 594 809 672 potuit:
839 610 913 671 quae
936 590 989 652 ubi
1012 599 1161 652 terrarum
1184 593 1240 652 sita
1263 593 1315 672 sit,
1342 599 1446 653 utman

264 707 297 750 re
324 708 394 752 vera
423 710 460 751 an
488 693 518 751 in
547 689 653 751 sabulis
680 696 795 751 tantum
828 697 924 751 exstet
955 707 1080 769 pmrsus
1112 692 1224 751 nescio.
1269 689 1332 750 lloc
1364 692 1446 750 enirn

265 796 387 869 apparet
411 807 426 848 e
450 806 538 849 versu
562 784 636 867 933,
660 788 712 849 ubi
735 787 814 849 idem
839 787 1017 867 sycophanta
1041 787 1115 848 haec
1139 796 1283 866 nugatur:

314 931 451 992 Omnium
468 937 604 1008 primum
627 936 659 991 m
684 933 813 992 Pontum
838 934 960 992 advecti
982 933 1131 992 Archiam
1155 940 1270 992 terram
1292 949 1403 992 summ.

265 1081 392 1144 Omnino
420 1082 494 1143 nihil
522 1082 602 1143 aliud
630 1083 754 1143 Athenis
783 1082 819 1143 de
846 1083 902 1143 hac
930 1082 1063 1143 fabulosa
1091 1091 1170 1143 terra
1198 1084 1349 1161 cognitum
1376 1100 1447 1142 esse

263 1179 381 1242 videtur
413 1182 472 1240 nisi
504 1180 573 1241 inde
605 1180 715 1241 herbas
748 1198 870 1241 amoene
903 1179 1017 1242 olentes
1052 1189 1083 1241 et
1119 1179 1253 1241 salubres
1290 1181 1449 1260 importari

264 1271 367 1360 (Poen.
390 1273 485 1358 1179,
508 1277 567 1339 llil.
586 1275 661 1358 412,
685 1277 767 1339 Trin.
786 1274 860 1340 934.
881 1272 971 1362 935).
1008 1278 1105 1339 Etiam
1123 1278 1312 1358 Chrysopolis
1335 1296 1446 1339 nomen

263 1375 382 1436 videtur
409 1376 541 1437 indicare
574 1375 682 1437 labulis
714 1377 764 1437 hic
797 1378 895 1438 omnia
930 1368 1058 1438 scatere.
1109 1375 1183 1436 Nam
1215 1375 1339 1437 Arabiae
1371 1375 1448 1437 urbs

264 1476 353 1535 huius
385 1475 514 1535 nominis
547 1473 666 1535 aliunde
698 1492 758 1535 non
790 1476 920 1535 innotuit
952 1483 982 1535 et
1014 1477 1113 1535 statim
1145 1475 1201 1536 hoc
1234 1492 1343 1535 nomen
1375 1493 1445 1535 eum

265 1571 355 1632 verbo
385 1571 506 1653 χρυσός
535 1573 731 1652 compositum
759 1573 862 1633 lictum
886 1591 953 1634 esse
977 1573 1169 1651 significatur.
1216 1571 1259 1633 Ne
1284 1572 1319 1632 de
1343 1572 1447 1633 Persia

266 1669 386 1749 quidem
414 1669 626 1731 ineruditiores
655 1669 759 1731 saltem
782 1670 1008 1731 Atheniensium
1034 1669 1128 1732 multo
1155 1670 1263 1731 melius
1291 1689 1380 1749 quam
1407 1669 1447 1731 de

265 1767 372 1828 Arabia
396 1770 536 1829 instructi
559 1787 625 1829 esse
648 1767 800 1846 videntur,
824 1787 893 1829 cum
917 1771 947 1827 in
976 1769 1069 1829 Stichi
1093 1787 1118 1828 v.
1138 1765 1190 1828 24.
1210 1763 1253 1829 25
1284 1768 1449 1847 Panegyris

264 1884 370 1927 aureos
398 1875 514 1928 montes
541 1866 700 1927 Persarum
728 1865 891 1927 harioletur
919 1859 970 1949 (cl.
998 1869 1046 1927 Ar.
1070 1867 1140 1927 hch.
1166 1861 1237 1950 82),
1266 1885 1448 1946 quamquam

265 1963 320 2024 alia
344 1965 514 2026 testimonia
538 1962 654 2026 desunt.

354 2062 455 2142 ltaque
485 2080 544 2123 non
572 2081 619 2122 me
648 2062 710 2123 lolli
738 2081 839 2142 spero,
871 2082 939 2124 cum
968 2063 1092 2125 eandem
1121 2072 1209 2142 atque
1237 2065 1269 2122 in
1301 2062 1449 2141 exemplis

266 2159 360 2220 allatis
384 2161 539 2221 confusam
563 2160 599 2221 dc
623 2163 713 2221 terris
736 2159 982 2240 belligerantibus
1005 2163 1177 2240 opinionem
1205 2163 1236 2221 iu
1259 2160 1350 2221 Persa
1372 2160 1447 2237 Dor·

266 2257 364 2320 dalum
389 2258 525 2318 lenonem
548 2277 619 2338 prae
644 2277 675 2319 se
699 2259 778 2319 ferre
802 2259 985 2320 censendum
1008 2277 1075 2320 esse
1105 2277 1203 2337 sumo,
1232 2260 1318 2319 cuius
1340 2277 1447 2319 manca

265 2363 414 2418 terrarum
437 2359 665 2436 peregrinamm
688 2358 808 2417 notione
832 2357 927 2418 frctus
951 2357 1072 2418 Toxilus
1098 2356 1254 2418 consilium
1277 2359 1342 2418 eius
1367 2357 1449 2417 deci·

265 2454 368 2533 picndi
396 2456 494 2514 animo
523 2456 661 2534 concipit.
707 2455 809 2534 ltaque
842 2456 873 2515 in
907 2474 942 2515 ea
974 2474 1076 2534 scena,
1108 2457 1140 2515 in
1172 2473 1230 2534 qua
1258 2455 1448 2516 Saturionem

267 2551 380 2632 edocet,
405 2551 551 2631 quomodo
575 2554 751 2614 instructam
775 2552 866 2614 filiam
890 2571 975 2614 suam
1002 2553 1103 2614 lenoni
1125 2552 1308 2614 vendendam
1332 2554 1449 2632 offerat,

265 2651 313 2710 his
336 2649 435 2712 verbis
459 2652 553 2711 utitur
577 2644 686 2735 (151):

1297 2762 1302 2769 ι

319 2795 332 2818 '
423 2795 484 2855 Sed
506 2798 613 2869 lonae
637 2797 679 2855 ab
702 2796 859 2856 Athenis
882 2812 945 2854 ease
968 2813 1001 2854 se
1021 2803 1148 2869 gnatam
1172 2803 1308 2855 autumet

355 2942 482 3004 Omnino
516 2944 551 3005 de
579 2945 634 3005 hac
666 2946 785 3006 tietione
818 2947 931 3006 comica
963 2947 1004 3005 ita
1036 2944 1228 3007 iudicandum
1260 2965 1327 3007 esse
1359 2953 1449 3026 puto:

266 3050 354 3121 poeta
377 3042 534 3104 consilium
558 3046 637 3122 cepit
660 3051 867 3121 argumentum
892 3043 1007 3104 fabulae
1027 3063 1213 3124 componere,
1237 3046 1268 3104 in
1288 3063 1346 3123 quo
1365 3044 1450 3104 vafer

267 3157 371 3204 servus
395 3141 515 3219 quidam
538 3141 675 3202 lenonem
700 3160 733 3202 ea
757 3161 789 3202 re
814 3141 1011 3221 defraudaret,
1035 3142 1114 3221 quod
1137 3145 1220 3220 virgo
1243 3141 1346 3220 libera,
1370 3161 1449 3222 quae

267 3237 344 3302 bello
369 3246 453 3317 capta
473 3257 538 3300 esse
558 3241 730 3318 tingeretur,
754 3241 781 3300 ei
801 3239 838 3300 ad
857 3238 1015 3300 emendum
1035 3239 1130 3301 oblata
1151 3238 1257 3301 deiude
1276 3241 1308 3298 in
1325 3237 1448 3299 liberta·

266 3343 328 3399 tem
345 3335 554 3397 vindicaretur.
592 3337 655 3408 Qua
673 3356 778 3399 manca
797 3345 945 3399 terrarum
965 3346 1134 3398 exterarum
1152 3339 1273 3397 notione
1293 3335 1360 3396 leno
1379 3353 1448 3396 esse

268 3433 436 3495 censendus
461 3442 518 3514 est,
550 3443 636 3514 poeta
660 3454 720 3496 non
743 3437 829 3496 anxie
855 3435 979 3496 debebat
1003 3437 1246 3513 circumspicere,
1276 3451 1348 3493 num
1371 3452 1449 3513 quae

267 3533 406 3611 lingeret,
438 3551 453 3593 e
483 3532 656 3594 condicione
685 3540 847 3612 terrarum,
880 3553 953 3612 quas
977 3532 1184 3610 belligerantes
1215 3530 1380 3610 simularet,
1413 3550 1449 3593 re

267 3648 337 3691 vera
360 3637 431 3692 tunc
456 3632 599 3710 temporis
628 3632 694 3691 heri
721 3637 857 3710 possent:
890 3629 920 3689 id
951 3649 1044 3691 unum
1076 3629 1233 3690 observare
1267 3628 1381 3709 debuit,
1413 3638 1449 3690 ut

268 3747 343 3808 quae
368 3729 494 3807 lingeret
516 3731 552 3790 iu
576 3730 798 3807 cogitatione
829 3728 934 3789 stulti
961 3728 1103 3789 lenonis
1127 3728 1191 3788 heri
1214 3736 1345 3807 possent.
1390 3729 1449 3789 lta·

268 3845 326 3906 que
349 3826 455 3887 Persas
479 3834 509 3888 et
531 3825 656 3906 Arabes,
689 3845 815 3906 quorum
845 3829 964 3887 nomina
993 3826 1096 3887 saltem
1125 3825 1263 3887 lenonem
1290 3826 1449 3906 audivisse,

269 3933 401 3987 ceterum
436 3944 511 4005 quae
543 3925 733 3985 necessitudo
766 3926 845 3985 inter
873 3943 923 3985 eos
956 3924 1156 3986 intercederet
1188 3926 1326 4003 ignorare
1360 3931 1454 4003 poetav

268 4031 441 4102 exspectare
469 4025 579 4101 potuit,
610 4022 722 4083 bellum
750 4025 830 4083 inter
857 4041 889 4082 se
918 4030 1056 4101 gerentes
1085 4023 1181 4083 tinxit:
1210 4021 1289 4101 quod
1317 4041 1349 4082 re
1376 4039 1448 4082 vera

268 4123 333 4182 heri
357 4139 416 4204 non
439 4121 572 4199 potuisse
596 4128 712 4201 poetam
736 4139 795 4181 non
820 4121 931 4199 fugisse
956 4128 1070 4182 certum
1093 4128 1173 4200 puto.

358 4217 419 4278 Hac
443 4236 513 4279 vero
537 4217 748 4280 deliberatione
773 4226 938 4279 commotus
963 4218 1167 4302 dubitaverim,
1191 4237 1263 4279 num
1281 4217 1448 4278 Wilamo·

268 4318 348 4377 uita
377 4324 458 4378 recte
487 4316 663 4379 iudicaverit
690 4325 720 4378 et
747 4319 849 4378 nescio
878 4335 915 4378 an
942 4319 1033 4378 nimis
1061 4324 1123 4378 arte
1156 4315 1255 4377 verbis
1288 4315 1449 4376 inhaerens

269 4415 336 4494 plus
359 4428 452 4496 aequo
477 4434 493 4478 e
517 4423 657 4477 contextu
681 4417 851 4477 coniecerit.
898 4415 957 4476 Sed
981 4412 1126 4476 accedunt
1153 4416 1294 4493 graviora.
1340 4411 1449 4473 Nescio
