3275 5192
619 326 863 430 --141--Ι

147 549 292 625 amicum,
319 545 372 608 ubi
399 548 528 625 primum
557 546 628 626 quid
657 547 759 609 auxilii
784 549 946 627 invenerit,
974 549 1074 609 statim
1102 547 1139 609 ad
1166 567 1198 610 se
1225 550 1329 610 venire

148 646 246 724 iussit,
259 662 338 705 -eum
363 643 487 706 dimittit
510 651 539 706 et
562 647 626 723 ipse
651 663 683 706 se
709 644 819 705 tamdiu
845 643 924 705 domi
943 663 1150 706 remansurum
1170 665 1236 708 esse
1260 665 1330 725 pro·

147 744 263 822 fitetur,
291 741 384 803 donec
413 741 513 804 lenoni
541 735 673 825 (scilicet
696 761 746 804 ero
770 744 882 803 amicae
907 737 992 828 suae)
1000 738 1025 828 1)
1050 743 1157 805 malam
1180 762 1244 805 rem
1267 763 1329 805 ma·

148 860 237 920 gnam
261 842 419 902 excoxerit.
931 885 935 892 -
1371 901 1377 907 .

239 935 295 1007 12.
333 937 481 999 Saturio
504 940 652 1017 parasitus
675 938 775 1021 prodit
803 947 832 1000 et
855 938 948 1000 multa
970 939 1060 1000 verba
1086 940 1155 1002 lacit
1178 941 1215 1005 de
1239 959 1330 1021 quao-

148 1045 198 1098 stu
222 1054 290 1115 sno,
320 1052 409 1115 quem
439 1038 498 1096 iam
529 1038 657 1097 maiores
685 1039 733 1098 sui
761 1038 952 1098 exercuerint
980 1044 1010 1098 et
1036 1040 1101 1116 ipse
1128 1057 1234 1117 magna
1260 1057 1330 1100 cum

148 1152 222 1196 cura
246 1133 331 1195 colat.
376 1133 452 1195 Tum
474 1135 643 1196 vehementi
666 1134 818 1196 iracundia
842 1135 1008 1196 exardescit
1033 1135 1068 1197 de
1092 1135 1330 1215 quadruplatori-

148 1230 215 1309 bus,
239 1248 366 1311 quorum
390 1238 546 1310 quaestum
571 1250 602 1292 se
622 1231 864 1312 indignissimum
883 1252 949 1294 esse
969 1252 1061 1313 seque
1079 1235 1202 1296 minime
1222 1235 1331 1296 decere

150 1327 231 1389 dicit.
288 1327 402 1398 Quibus
433 1336 590 1408 postquam
622 1347 726 1391 novam
754 1330 850 1410 legem
878 1332 952 1392 ferri
980 1349 1161 1410 magnopere
1191 1340 1330 1410 oportere

148 1427 365 1506 pronuntiavit,
394 1426 492 1488 subito
519 1425 665 1506 praecidit
688 1435 718 1489 et
742 1427 777 1490 de
801 1428 892 1490 rebus
915 1428 1044 1508 publicis
1068 1429 1104 1490 ad
1127 1449 1211 1491 suam
1234 1432 1331 1508 ipsius

149 1542 214 1585 rem
236 1526 356 1585 transit:
378 1525 438 1585 iam
461 1524 557 1586 Toxili
581 1524 700 1586 domum
724 1528 916 1606 ingressurus
940 1534 994 1605 est,
1016 1535 1050 1588 ut
1073 1527 1215 1606 reliquias
1239 1546 1331 1589 cenae

148 1615 301 1702 inspiciat:
326 1621 430 1683 eodem
453 1630 587 1702 tempore
611 1623 690 1685 lores
714 1627 897 1703 aperiuntur.
1264 1675 1270 1686 .

240 1716 296 1780 13.
334 1719 482 1781 Toxilus
512 1723 576 1799 ipse
607 1724 675 1782 exit.
727 1721 811 1792 Quod
840 1724 872 1782 in
901 1723 960 1784 line
987 1725 1101 1802 primae
1132 1741 1239 1784 scenae
1261 1742 1330 1802 pro·

149 1819 248 1882 fessus
279 1826 341 1879 erat
365 1837 396 1879 se
426 1836 460 1879 eo
484 1838 578 1899 usque
603 1819 683 1880 domi
707 1838 916 1881 remansurum
941 1839 1020 1901 esse,
1052 1820 1122 1883 dum
1145 1821 1246 1882 lenoni
1268 1840 1332 1882 ma-

150 1935 241 1996 gnum
269 1915 379 1976 malum
407 1919 570 1996 paraverit,
598 1917 629 1977 id
651 1925 791 1996 praestat
842 1916 928 1979 Nunc
956 1938 1024 1980 cum
1052 1921 1151 1980 omnia
1174 1921 1333 1996 invenerit,

150 2023 184 2076 ut
197 2014 265 2076 leno
281 2033 333 2075 sua
348 2015 443 2092 ipsius
457 2017 584 2094 pecunia
602 2017 727 2077 amicam
742 2034 825 2076 suam
842 2015 967 2077 liberam
981 2016 1130 2096 redderet,
1149 2017 1228 2077 foras
1246 2035 1332 2096 egre·

151 2111 241 2194 ditur.
287 2111 328 2172 Ac
355 2113 487 2191 primum
514 2111 635 2193 quidem
663 2115 748 2192 quasi
775 2115 939 2191 parasitum
969 2133 1028 2174 non
1058 2113 1157 2175 videat
1186 2113 1332 2176 simulans

152 2210 238 2272 domo
266 2209 407 2290 prodiens
436 2213 530 2273 servis
558 2209 690 2290 mandat,
718 2220 752 2273 ut
774 2214 873 2273 omnia
897 2212 934 2273 ad
957 2231 1060 2274 cenam
1084 2207 1331 2292 apparent'cum

155 2327 366 2386 congerronem
391 2317 549 2389 exspectet
595 2309 675 2370 llaec
698 2327 747 2370 res
770 2317 884 2389 gratam
908 2319 1011 2389 poetae
1034 2312 1220 2372 occasionem
1244 2310 1333 2371 offert

153 2407 309 2468 nonnullos
331 2409 413 2469 iocos
437 2408 578 2488 faciendi,
606 2427 674 2470 cum
698 2409 815 2471 Saturio
841 2428 873 2470 se
897 2428 964 2471 esse
987 2409 1070 2470 illum
1094 2411 1255 2488 convivam,
1280 2408 1333 2489 qui

153 2523 169 2564 a
193 2504 293 2566 Toxilo
318 2513 515 2586 exspectetur,
539 2513 620 2567 certe
645 2507 754 2568 credat.
791 2506 952 2586 Postquam
971 2509 1050 2568 inter
1068 2525 1101 2567 se
1120 2507 1333 2586 salutaverunt,

152 2602 272 2685 Toxilus
296 2623 312 2665 e
337 2603 493 2666 Saturione
517 2607 647 2685 quaerit,
672 2625 744 2667 num
767 2607 940 2668 meminerit
963 2624 995 2666 se
1019 2604 1055 2665 ab
1078 2607 1143 2685 ipso
1167 2605 1233 2665 beri
1255 2607 1333 2683 peti·

151 2703 239 2780 visse,
262 2709 295 2763 ut
319 2701 377 2762 sibi
400 2711 552 2764 sescentos
575 2721 712 2764 nummos
735 2712 855 2766 mutuos
879 2702 971 2765 daret.
1013 2701 1088 2764 Cum
1106 2705 1256 2782 parasitus
1274 2703 1334 2764 sibi

153 2799 227 2860 nihil
251 2817 318 2860 esse
343 2799 438 2861 denuo
462 2801 665 2881 affirmaverit,
694 2800 814 2864 Toxilus
843 2819 876 2862 se
902 2803 962 2862 iam
984 2799 1063 2862 nolle
1087 2803 1152 2862 eius
1176 2808 1334 2880 argentum

154 2893 238 2958 dicit:
263 2905 378 2957 tantum
401 2897 491 2958 filiam
516 2897 574 2959 sibi
598 2897 654 2976 det,
678 2917 735 2978 qua
759 2907 869 2961 utatur.
916 2899 997 2970 Quae
1016 2898 1106 2959 verba
1128 2918 1195 2960 cum
1215 2899 1334 2959 Saturio

154 2995 250 3072 primo
275 2993 347 3053 l'also
370 2994 535 3073 intellegat,
563 2995 684 3056 Toxilus
713 3014 781 3056 eum
808 2995 914 3057 edocet
941 2996 1032 3056 filiam
1058 2998 1123 3057 eius
1146 2999 1179 3056 in
1202 2999 1334 3075 speciem

154 3083 238 3174 (nam
266 3089 326 3151 talc
352 3090 425 3170 quid
451 3093 483 3152 in
506 3091 611 3152 lacuna
637 3100 706 3171 post.
731 3113 758 3154 v.
784 3090 848 3154 136
873 3095 1022 3171 exstiterit
1044 3087 1209 3178 oportet)¹)
1233 3094 1335 3155 lenoni

153 3187 338 3250 vendendam
366 3206 441 3250 esse.
489 3189 605 3250 Saturio
633 3209 811 3271 quamquam
840 3193 937 3270 primo
966 3189 1106 3269 declinat,
1137 3199 1236 3252 tamen
1265 3211 1334 3252 cum

154 3285 275 3348 Toxilus
298 3288 430 3348 minetur
453 3286 538 3348 illum
556 3305 615 3348 uon
634 3289 720 3366 prius
741 3281 904 3368 qudlquam
924 3306 990 3348 esse
1009 3306 1140 3368 esurum,
1163 3307 1251 3367 quam
1275 3288 1335 3349 sibi

154 3386 349 3464 morigeratus
374 3394 469 3466 essct,
498 3387 626 3447 vincitur
650 3393 679 3447 et
703 3404 777 3465 quae
801 3385 923 3447 Toxilus
947 3385 1018 3447 velit
1040 3403 1073 3446 se
1096 3386 1244 3447 facturum
1267 3404 1334 3447 esse

154 3485 309 3560 promittit
365 3483 420 3545 llic
454 3483 581 3564 denique
613 3485 742 3563 parasito
779 3485 938 3563 praecipit,
976 3483 1122 3563 quomodo
1155 3485 1334 3546 instructam

155 3578 246 3639 tiliam
277 3599 360 3642 suam
390 3582 498 3644 vendat
528 3591 558 3643 et
587 3581 658 3661 quid
688 3582 763 3643 haec
792 3581 949 3643 fabuletur.
1002 3581 1060 3643 Ubi
1086 3581 1154 3643 leno
1178 3590 1335 3661 argentum

157 3675 285 3756 solverit,
309 3681 408 3740 statim
431 3681 482 3741 ille
504 3678 595 3740 liliam
619 3698 703 3741 suam
727 3681 767 3746 in¹
782 3679 950 3742 libertatem
973 3678 1111 3742 vindicet.
1157 3679 1335 3760 Digrediun·

156 3780 219 3852 tur,
247 3783 403 3855 postquam
427 3776 547 3839 Toxilus
575 3796 611 3858 se,
637 3780 748 3838 amicae
772 3796 843 3839 suae
866 3777 991 3856 litteras,
1013 3786 1048 3839 ut
1069 3778 1180 3839 bonum
1203 3780 1335 3839 animum

157 3871 288 3951 haberet,
310 3875 473 3936 missurum
497 3894 563 3937 esse
588 3878 796 3956 pronuntiavit.

245 3969 271 4030 ll
294 3968 321 4030 1.
359 3969 624 4034 Lemniselenis
657 3972 753 4034 Toxili
781 3975 876 4034 amica
905 3976 1028 4054 eiusque
1064 3973 1169 4034 ancilla
1200 3973 1335 4053 Sopho·

157 4066 308 4130 olidisca
334 4066 491 4146 prodeunt
541 4069 622 4140 Quae
651 4079 809 4151 postquam
839 4089 1020 4151 magnopere
1050 4078 1153 4152 questa
1182 4079 1229 4132 est
1256 4071 1336 4150 quod

157 4167 246 4226 nimis
275 4165 364 4227 stulta
392 4165 428 4226 ab
457 4185 508 4228 era
534 4167 708 4250 haberetur,
736 4171 846 4249 quippe
875 4189 950 4250 quae
974 4169 1111 4230 mandata
1134 4170 1223 4230 etiam
1247 4177 1336 4248 atquc

246 4394 272 4462 1)
287 4389 326 4446 Of.
346 4410 374 4460 p.
396 4397 493 4460 ldtsq.

247 4474 274 4542 2)
287 4469 333 4525 of.
354 4477 369 4538 ἐ
384 4478 400 4527 b
414 4491 442 4541 p.
459 4477 557 4541 ldsssq.
