3275 5192
790 355 1034 421 ,160-

320 534 427 624 (igitur
444 548 512 620 post
530 542 676 619 virginem
694 533 873 622 venditam):
896 540 928 599 in
952 538 1043 599 altera
1067 557 1171 599 servus
1193 539 1351 618 pecuniam
1371 537 1406 597 ab
1426 536 1499 597 bero

320 638 378 700 sibi
402 637 554 717 creditam,
577 647 611 699 ut
634 637 768 698 Eretriae
790 636 881 698 boves
904 645 1097 715 mercaretur,
1121 637 1235 697 luratus
1259 635 1353 697 lilium
1371 635 1498 696 herilem

321 730 385 820 (cui
409 755 528 816 semper
551 735 628 816 apud
651 735 787 796 Plautum
811 753 930 795 servum
954 735 1052 796 lavere
1074 728 1223 818 videmus)
1244 733 1364 812 adiuvit,
1386 741 1420 794 ut
1437 735 1499 793 voti

320 854 441 914 compos
460 833 572 895 berct.“
608 835 671 905 Oua
691 835 861 894 coniectura
879 832 988 894 multas
1006 832 1078 893 alias
1098 832 1287 894 difficultates
1303 850 1376 911 quas
1390 831 1499 891 Persae

319 940 526 1011 argumentum
550 933 707 1012 praeberet
729 930 801 993 tolli.

408 1031 530 1092 Praeter
557 1030 795 1110 lsendijkium
823 1048 911 1090 nemo
940 1029 976 1090 de
1004 1031 1252 1091 contaminatione
1279 1028 1388 1094 Persae
1420 1031 1500 1106 cogi·

319 1131 392 1189 tavit
415 1137 444 1190 et
466 1148 505 1190 ne
529 1127 692 1206 Ladewig
714 1127 849 1206 quidem,
877 1129 929 1206 qui
952 1127 1122 1208 Epidicum,
1150 1127 1326 1207 Bacchides,
1354 1126 1500 1206 Captivos,

320 1226 452 1306 Militem,
466 1226 653 1306 Pseudolum,
668 1225 883 1286 Truculentum
898 1229 1111 1288 contaminatas
1126 1244 1192 1286 esse
1207 1227 1336 1286 coniecit
1350 1224 1500 1286 Stichum·

319 1344 377 1404 que
397 1333 427 1386 et
441 1325 648 1386 Trinummum
667 1325 698 1385 in
719 1323 932 1386 dubitationem
951 1327 1066 1385 vocavit
1084 1317 1118 1407 (l.
1133 1323 1151 1384 l.
1171 1343 1200 1404 p.
1214 1320 1258 1385 28
1268 1318 1358 1406 sqq),
1376 1323 1501 1383 Persam

320 1425 547 1485 contaminatam
557 1421 685 1483 fabulam
700 1441 766 1483 esse
780 1422 930 1502 iudicavit,
944 1425 1004 1484 nisi
1018 1423 1098 1502 quod
1107 1421 1228 1484 Plautus
1237 1440 1375 1500 magnam
1383 1429 1501 1501 partem

319 1539 477 1583 scenarum
501 1520 537 1582 de
561 1539 615 1582 suo
639 1520 802 1582 addidisset
826 1513 860 1603 (l.
879 1521 898 1581 l.
918 1540 946 1601 p.
965 1517 1008 1582 38
1019 1516 1108 1606 sqq).
1155 1519 1258 1600 Neque
1286 1519 1350 1599 alii,
1378 1522 1429 1598 qui
1451 1519 1501 1580 vel

319 1617 438 1679 easdem
467 1617 580 1679 fabulas
608 1618 655 1679 vel
684 1618 754 1679 alias
782 1622 995 1680 contaminatas
1028 1638 1094 1680 esse
1126 1619 1281 1699 putabant,
1313 1618 1434 1678 Persam
1466 1620 1500 1678 in

321 1715 533 1778 dubitationem
556 1726 742 1778 vocaverunt.
780 1717 817 1778 Et
840 1719 906 1778 iure
929 1716 1125 1799 Isendijlsii
1147 1719 1325 1778 sententiam
1349 1718 1503 1777 neminem

319 1823 455 1876 secutum
483 1834 549 1876 esse
580 1833 696 1876 censeo.
742 1815 869 1876 Prorsus
902 1817 980 1877 enim
1013 1815 1117 1878 salsam
1150 1835 1216 1877 esse
1248 1823 1320 1895 puto
1354 1817 1503 1876 rationem

319 1932 422 1974 eorum
445 1915 577 1974 virorum
602 1913 765 1992 doctorum,
789 1917 842 1993 qui
864 1913 916 1975 ubi
939 1916 970 1974 in
995 1913 1091 1994 aliqua
1115 1913 1213 1975 sabula
1237 1913 1396 1974 nonnullas
1421 1913 1501 1974 diffi-

319 2011 443 2072 cultates
467 2012 658 2091 invenerunt,
690 2030 748 2073 non
776 2011 884 2072 melius
911 2031 961 2073 eas
990 2012 1064 2074 solvi
1090 2031 1178 2092 posse
1206 2018 1323 2092 putant,
1356 2031 1444 2092 quam
1473 2014 1503 2072 si

320 2108 448 2170 fabulam
472 2111 699 2170 contaminatam
722 2129 788 2170 esse
812 2118 949 2172 statuant.
995 2111 1169 2172 Terentium
1193 2109 1289 2171 solum
1317 2112 1348 2170 in
1371 2109 1501 2171 Andriae

318 2207 440 2286 prologo
473 2215 624 2269 auctorem
651 2207 795 2268 habemus
822 2208 958 2270 Plautum
990 2208 1103 2270 fabulas
1136 2211 1368 2287 contaminasse,
1401 2211 1502 2269 omnia

319 2308 503 2366 accuratiora
526 2305 636 2366 indicia
661 2305 882 2385 desiderantur,
911 2314 944 2367 ut
967 2309 997 2366 in
1022 2307 1077 2368 hoc
1101 2307 1226 2368 artificio
1251 2307 1408 2368 statuendo
1431 2325 1501 2387 per·

320 2405 399 2464 cauti
432 2420 497 2465 esse
531 2403 700 2465 debeamus.
755 2404 901 2484 Equidem
936 2405 1005 2466 huic
1039 2409 1082 2467 rei
1115 2405 1198 2466 valde
1232 2405 1332 2467 diffido
1366 2413 1395 2467 et
1427 2424 1501 2466 num

319 2509 437 2581 praeter
460 2501 583 2563 Militem
608 2501 775 2563 Gloriosum
804 2511 834 2564 et
856 2502 1020 2564 Poenulum
1049 2511 1079 2564 et
1107 2503 1299 2581 Pseudolum,
1332 2522 1407 2583 quae
1439 2506 1500 2564 iam

319 2599 504 2679 longitudine
519 2599 663 2661 notabiles
678 2609 756 2680 sunl,
771 2601 845 2662 aliae
860 2621 977 2681 quoque
992 2601 1107 2663 fabulae
1116 2601 1268 2663 Plautinae
1283 2605 1501 2664 contaminatae

319 2700 380 2759 sint
404 2697 531 2759 dubitari
555 2717 642 2778 posse
662 2717 778 2761 censeo.
824 2699 936 2760 Indicia
964 2702 1222 2761 contaminationis
1250 2702 1397 2781 imprimis
1430 2709 1502 2761 sunt

318 2797 389 2856 vitia
423 2798 659 2876 compositionis,
692 2796 745 2858 sed
772 2798 862 2859 huius
890 2797 971 2859 modi
993 2801 1063 2859 vitia
1091 2801 1181 2860 etiam
1208 2802 1239 2859 in
1271 2801 1314 2860 cis
1339 2799 1501 2861 comoediis

319 2895 448 2954 inveniri
470 2912 570 2973 posse,
601 2913 676 2973 quae
709 2898 740 2955 in
768 2915 828 2957 uno
852 2903 966 2957 tantum
1000 2906 1173 2976 argumento
1205 2906 1374 2976 versantur,
1411 2916 1499 2958 nemo

319 2991 439 3070 negabit
471 2989 522 3071 qui
551 2991 760 3055 deliberaverit
790 2994 948 3056 nonnullos
976 2997 1105 3056 comicos
1133 2997 1246 3058 Atticos
1278 2997 1345 3077 plus
1379 3004 1499 3057 centurn

320 3089 486 3151 comoedias
501 3093 667 3171 scripsisse,
681 3092 878 3172 Antiphanem
894 3101 924 3154 et
937 3093 1176 3155 Anaxandridem
1194 3095 1240 3155 vel
1259 3096 1327 3174 plus
1348 3095 1499 3156 ducentas.

319 3187 415 3258 Quem
439 3207 578 3267 magnum
601 3208 761 3251 numerum
784 3194 837 3270 qui
860 3195 1035 3272 respexerit,
1055 3193 1140 3254 facile
1159 3192 1322 3270 intellectu,
1345 3211 1383 3252 ne
1404 3193 1499 3253 dicam

319 3289 523 3348 necessarium
547 3306 612 3348 esse
635 3290 767 3351 inveniet
789 3308 913 3369 magnae
941 3293 1034 3371 partis
1062 3291 1227 3351 fabularum
1255 3291 1499 3367 compositionem

319 3384 355 3445 ab
379 3387 460 3445 omni
483 3387 554 3446 vitio
582 3405 703 3447 vacuam
732 3407 796 3448 esse
825 3407 884 3449 non
913 3408 1001 3468 posse
1029 3397 1189 3467 poetasque
1218 3389 1249 3445 in
1278 3385 1404 3463 singulis
1432 3404 1499 3463 per-

319 3482 456 3552 liciendis
479 3502 538 3544 non
562 3484 720 3545 admodum
744 3489 847 3548 anxios
870 3487 971 3547 luisse.
1017 3486 1082 3544 Huc
1105 3483 1231 3561 accedit,
1262 3482 1340 3560 quod
1363 3481 1499 3542 Plautum

319 3584 350 3641 in
375 3582 577 3662 exprimendis
600 3582 707 3644 fabulis
731 3602 790 3644 non
814 3603 935 3663 semper
957 3585 1083 3662 optimos
1105 3588 1220 3640 tantum
1239 3582 1369 3641 comicos
1387 3581 1500 3642 Atticos

321 3687 457 3740 secutum
476 3699 542 3741 esse
562 3689 684 3759 constat,
708 3680 739 3740 id
758 3680 836 3760 quod
854 3682 886 3740 in
900 3680 1021 3740 Persam
1041 3686 1122 3739 certe
1140 3677 1225 3757 valet,
1249 3687 1279 3739 et
1297 3679 1376 3758 quod
1395 3687 1499 3759 poetae

319 3779 351 3838 in
375 3778 546 3857 comoediis,
570 3797 645 3858 quae
668 3797 727 3839 non
751 3785 810 3838 tam
835 3778 871 3839 ad
894 3776 1053 3856 legendum
1077 3795 1166 3856 quam
1187 3777 1223 3837 ad
1242 3777 1389 3856 agendum
1409 3777 1499 3838 desti.-

319 3883 405 3937 natae
434 3884 530 3954 erant,
564 3878 657 3954 magis
684 3875 715 3936 id
747 3874 932 3955 spectabant,
964 3882 997 3936 ut
1021 3883 1202 3956 spectatores
1225 3876 1320 3937 faceto
1345 3884 1374 3937 et
1398 3875 1500 3938 subtili

320 3992 457 4035 sermone
481 3975 616 4052 bellaque
641 3980 671 4033 et
693 3973 790 4052 lepide
815 3974 902 4035 dictis
926 3973 1121 4053 oblectarent,
1155 3992 1243 4053 quam
1270 3983 1304 4035 ut
1331 3977 1498 4036 accuratius

319 4072 517 4151 perficiendae
546 4072 754 4150 compositioni
781 4073 907 4133 nimium
939 4071 1107 4133 tribuerent
1138 4072 1185 4134 vel
1217 4076 1307 4134 nimis
1341 4073 1498 4152 diligentes

320 4177 421 4230 essent
443 4171 475 4229 in
498 4168 686 4247 respiciendo
709 4176 771 4230 toto
795 4189 864 4232 cum
888 4169 994 4232 damno
1018 4165 1241 4256 singulorum.¹)
1487 4169 1489 4173 ’

410 4395 435 4463 1)
454 4393 527 4447 Huic
549 4393 590 4448 rei
612 4393 751 4465 imprimis
775 4400 942 4468 argumento
966 4399 1032 4452 sunt
1050 4414 1100 4452 ese
1118 4412 1228 4464 scenae,
1247 4413 1320 4466 quae
1339 4397 1436 4451 tenore
1456 4412 1498 4450 so-

319 4473 397 4528 lutae
423 4474 563 4529 actionem
590 4475 681 4547 magis
706 4479 855 4534 ‘retardant
882 4493 968 4547 quam
990 4478 1158 4548 producunt.
1200 4477 1300 4547 Neque
1322 4493 1387 4532 vero
1414 4476 1500 4530 Persa
