3275 5192
733 367 976 431 —172—

267 552 369 611 nescio
392 569 430 610 an
453 568 513 611 non
536 551 646 611 iniuria
670 548 850 610 monendum
873 550 913 610 sit
934 548 991 609 hoc
1009 548 1097 610 modo
1116 568 1236 611 scenam
1255 552 1345 611 nimis
1369 550 1448 612 cele·

268 650 342 709 riter
365 657 395 709 et
418 648 543 727 abrupte
567 647 603 708 ad
627 649 739 708 exitum
761 665 931 726 properare.

357 745 422 807 Non
454 746 635 807 mediocrem
669 745 872 806 difficultatem
904 745 1048 825 praebent
1082 746 1188 808 deinde
1221 749 1388 826 septima
1415 755 1447 809 et

268 854 391 906 octava
406 846 526 924 quarti
545 853 646 905 actus
666 862 807 924 scenae,
825 843 879 905 nbi
891 846 949 903 viri
964 844 1042 906 docti
1055 863 1178 924 magnas
1192 845 1312 906 lacunas
1331 852 1361 906 et
1378 863 1447 925 per·

268 942 453 1004 turbationes
468 942 639 1004 statuendas
659 959 725 1004 esse
744 949 931 1021 putaverunt
967 942 1126 1022 Postquam
1141 943 1302 1023 Sagaristio
1317 962 1385 1004 cum
1399 961 1447 1004 ar·

269 1050 358 1119 gento
382 1059 398 1101 a
421 1040 527 1102 lenone
551 1048 671 1120 accepto
696 1039 775 1119 abiit,
798 1039 848 1100 hic
871 1039 974 1101 Toxilo
1002 1042 1112 1119 gratias
1135 1043 1208 1120 agit,
1231 1041 1311 1120 quod
1334 1040 1391 1103 sibi
1413 1045 1447 1102 in

271 1139 395 1200 emenda
405 1141 519 1218 virgine
533 1138 642 1199 bonam
657 1156 776 1216 operam
792 1137 916 1198 dederit.
940 1137 1045 1200 Subito
1059 1147 1158 1200 autem
1169 1139 1289 1200 domum
1298 1148 1448 1219 properat,

270 1255 339 1297 cum
362 1255 443 1313 quae
465 1240 596 1298 coluerit
618 1238 734 1312 edicta,
757 1238 881 1298 edicere
900 1239 1011 1298 oblitus
1027 1241 1077 1313 sit,
1101 1245 1130 1297 et
1153 1239 1206 1317 qui
1228 1239 1332 1316 paucis
1354 1239 1447 1298 versi·

268 1335 325 1397 bus
354 1343 421 1396 ante
448 1341 604 1414 metuerat,
632 1353 669 1395 ne
693 1336 760 1413 quis
782 1335 928 1412 virginem
951 1335 1039 1395 modo
1068 1344 1196 1415 emptam
1220 1337 1251 1396 in
1280 1334 1449 1396 libertatern

269 1433 446 1512 vindicaret,
475 1419 540 1493 eam
563 1431 666 1492 Toxilo
694 1431 868 1492 servandam
896 1432 1045 1512 relinquit
1092 1433 1168 1494 llum
1197 1433 1277 1494 domi
1303 1441 1450 1511 versatim,

270 1530 392 1591 Toxilus
416 1529 604 1590 Saturionem
633 1535 786 1589 evocatum
810 1530 951 1591 secedere
977 1529 1060 1592 iubet
1083 1531 1172 1611 idque
1196 1531 1310 1592 eisdem
1333 1530 1452 1592 duobus

269 1627 406 1690 versibus
432 1646 519 1706 usus,
550 1626 658 1707 quibus
688 1629 747 1687 iam
777 1624 849 1688 lVT
879 1626 1110 1706 Sagaristionem
1140 1629 1280 1690 secedere
1311 1631 1451 1690 iusserat.

269 1727 430 1806 Postquam
454 1725 572 1786 Saturio
595 1727 729 1804 secessit,
752 1727 783 1785 in
808 1729 945 1805 sequenti
969 1745 1057 1788 scena
1075 1726 1220 1788 Dordalus
1246 1746 1351 1788 rursus
1370 1728 1453 1788 foras

272 1842 410 1904 egressus
434 1842 466 1885 se
485 1843 589 1885 omnes
608 1842 710 1884 servos
729 1823 801 1884 loris
819 1825 1013 1886 transcidisse
1032 1825 1112 1905 dicit,
1136 1825 1215 1904 quod
1234 1824 1452 1904 supellectilem

272 1930 303 1984 et
326 1922 445 1983 domum
470 1922 640 2001 squalentes
662 1940 723 1983 non
746 1924 961 2001 purgavissent.
1002 1923 1078 1984 Tum
1097 1923 1200 1984 Toxilo
1223 1923 1320 1984 denuo
1339 1925 1454 2002 gratias

271 2023 332 2100 agit
355 2028 384 2081 et
407 2020 457 2080 hic
480 2022 580 2082 statim
604 2020 665 2081 abit
687 2039 757 2081 cnm
779 2019 979 2081 Lemniseleni
1003 2040 1034 2081 se
1058 2021 1264 2082 inclinaturus.

361 2119 394 2179 ln
417 2119 465 2179 his
487 2119 579 2179 multa
608 2126 678 2179 sunt
708 2136 783 2198 quae
807 2121 981 2197 gravissime
1008 2119 1166 2180 ollendant
1212 2119 1346 2180 Primum
1370 2121 1452 2180 enim

273 2219 394 2278 omnino
417 2216 550 2296 intellegi
573 2235 633 2277 non
656 2224 761 2296 potest,
785 2235 841 2277 cur
862 2216 1007 2279 Dordalus
1036 2218 1156 2278 domum
1179 2218 1282 2279 abiens
1304 2219 1452 2296 virginem

273 2334 333 2376 non
357 2316 457 2376 statim
481 2333 583 2376 secum
608 2315 704 2376 ducat.
750 2314 853 2395 Neque
882 2317 962 2375 enim
985 2317 1145 2396 quicquam
1169 2314 1312 2394 obstabat,
1336 2317 1454 2395 quorm-

272 2431 329 2474 nus
352 2412 383 2472 id
407 2413 531 2473 laceret:
554 2423 711 2492 postquam
735 2413 929 2491 Sagaristioni
952 2416 1082 2492 pretinm
1099 2433 1154 2493 pro
1173 2415 1287 2491 virgine
1311 2413 1398 2473 solvit
1421 2421 1452 2474 et

272 2512 322 2572 hic
346 2510 426 2590 abiit,
449 2512 533 2589 virgo
556 2510 673 2571 lenonis
693 2519 757 2573 erat
780 2519 810 2572 et
833 2510 1064 2590 exspectandum
1086 2512 1142 2572 luit
1165 2530 1233 2572 eum
1257 2513 1358 2572 statim
1381 2530 1450 2572 cnm

273 2608 384 2689 praeda
408 2628 461 2670 sua
486 2628 517 2670 se
542 2608 661 2669 domum
689 2617 881 2689 recepturum
905 2629 985 2689 esse,
1012 2611 1190 2689 praesertim
1216 2628 1284 2670 cum
1306 2609 1390 2670 valde
1414 2611 1454 2669 ti'·

273 2715 382 2786 meret,
411 2725 448 2767 ne
476 2709 543 2786 quis
573 2709 719 2785 virginem
746 2727 837 2769 manu
867 2716 1023 2769 assereret.
1075 2709 1112 2768 dt
1141 2710 1240 2787 ipsum
1270 2700 1453 2768 contrarium

274 2807 357 2866 lacit:
381 2806 528 2883 virginem
553 2805 696 2884 relinquit
719 2814 748 2866 et
771 2806 853 2867 solus
872 2806 993 2867 domum
1016 2806 1085 2885 abit,
1109 2809 1194 2886 quasi
1212 2809 1327 2885 virgine
1352 2807 1452 2867 statim

275 2922 376 2964 secum
401 2903 488 2964 ducta
512 2903 717 2983 impediretur,
741 2923 778 2964 ne
802 2906 897 2965 servis
919 2903 1057 2965 mandata
1081 2904 1165 2965 daret
1185 2923 1295 2985 eosque
1313 2903 1455 2964 verbera-

274 3001 333 3062 ret!
380 3000 445 3061 Non
473 3003 572 3062 minus
600 3002 769 3062 mirandum
797 3011 844 3063 est
865 3002 1002 3063 Toxilum
1031 3002 1143 3064 diutins
1171 3006 1203 3063 in
1227 3021 1315 3064 scena
1338 3003 1455 3063 versari

274 3118 371 3181 neque
396 3119 549 3179 recusare,
577 3101 737 3179 quominus
765 3100 910 3162 servanda
937 3103 1051 3180 virgine
1074 3110 1192 3182 tempus
1217 3101 1330 3181 perdat.
1377 3099 1452 3161 Nam

275 3217 344 3260 cum
367 3200 494 3259 maxime
518 3200 591 3277 eius,
614 3200 729 3258 utiam
752 3197 890 3278 vidimus,
913 3201 1073 3260 interesset
1091 3201 1194 3277 amica,
1217 3217 1292 3277 quae
1317 3201 1375 3258 iam
1400 3198 1455 3258 du·

276 3297 346 3357 dum
374 3295 539 3357 allordalo
568 3295 645 3375 apud
668 3303 837 3375 praetorem
860 3296 954 3357 libera
978 3298 1055 3357 lacta
1078 3304 1155 3375 erat,
1183 3314 1271 3375 qnam
1295 3295 1456 3356 celerrime

276 3396 344 3474 lini,
369 3395 584 3474 expectandum
603 3383 660 3454 luit
683 3413 759 3474 eum,
782 3395 835 3456 ubi
858 3395 969 3474 hospiti
993 3397 1037 3455 eri
1061 3397 1109 3454 sui
1127 3411 1248 3472 operam
1268 3391 1349 3451 dedit
1367 3394 1456 3471 isque

276 3493 357 3572 abiit,
386 3495 485 3554 statim
514 3493 632 3553 domum
659 3500 888 3572 properaturum
917 3500 946 3553 et
976 3510 1044 3552 cum
1068 3492 1162 3550 amica
1185 3507 1217 3549 se
1240 3487 1454 3547 inclinaturum

277 3610 357 3652 esse:
381 3599 483 3652 contra
506 3593 537 3650 in
562 3608 651 3651 scena
673 3597 810 3652 versatur
839 3598 868 3650 et
890 3591 1011 3649 inimico
1036 3605 1089 3647 sno
1113 3593 1229 3664 gratum
1253 3586 1331 3646 lacit.
1377 3584 1455 3645 Tum

277 3691 478 3769 suspicionem
501 3695 620 3748 movent
641 3706 746 3748 versus
771 3684 834 3748 727
846 3705 923 3766 sqq:

491 3815 558 3889 Ape
581 3816 654 3874 illuc
677 3815 808 3873 abscede
824 3815 940 3889 procul
962 3830 978 3871 e
1001 3819 1178 3886 conspectu:
1201 3817 1277 3870 tace.

497 3911 553 3974 Ubi
576 3929 644 3972 cum
667 3914 775 3972 lenone
797 3928 845 3970 me
867 3911 984 3970 videbis
1006 3911 1156 3984 conloqui,

496 4010 568 4070 Tum
593 4011 713 4070 turbem
733 4008 841 4085 facito.

278 4136 342 4197 Duo
360 4136 477 4214 priores
495 4151 600 4193 versus
620 4132 656 4193 ad
671 4131 761 4193 verba
775 4133 837 4192 lere
852 4133 972 4211 repetiti
988 4139 1057 4192 sunt
1071 4149 1087 4191 e
1102 4129 1238 4192 versibus
1256 4126 1332 4190 467.
1346 4122 1458 4211 4682),

370 4335 396 4402 1)
414 4331 479 4386 Non
501 4348 616 4402 possum
638 4331 758 4401 probare
782 4331 921 4402 argutias,
945 4330 1047 4398 quibus
1070 4329 1126 4383 nisi
1148 4328 1278 4398 Ussing
1300 4329 1330 4382 el
1351 4326 1459 4396 partim

279 4431 344 4468 eum
354 4415 466 4468 seculus
475 4414 540 4470 Leo
554 4413 606 4467 lios
615 4429 711 4468 versus
720 4413 751 4466 in
761 4411 949 4481 suspicionem
958 4427 1059 4465 vocare
1073 4409 1167 4464 conati
1182 4411 1260 4462 sunt:
1275 4407 1310 4462 cf.
1322 4406 1458 4462 Keller·

279 4505 379 4548 mann
398 4494 433 4550 de
451 4493 545 4550 Plauti
563 4493 607 4548 sui
625 4493 769 4548 imitatore
787 4493 870 4564 (Dies.
889 4492 946 4546 len.
967 4493 1047 4561 1903)
1064 4508 1092 4559 p.
1108 4494 1159 4544 rao
1178 4489 1215 4543 od
1232 4488 1308 4543 Pero.
1323 4493 1348 4542 2.
