3275 5192
611 386 851 449 -187-

137 565 321 647 pedilionem
341 567 413 647 fingi
431 586 518 647 posse
537 587 713 647 persuasum
728 570 775 648 sit,
795 567 848 629 sed
862 568 957 630 habeo
976 577 1127 630 auctorem
1145 569 1319 631 Hnellne·

139 683 229 742 rum,
262 665 314 743 qui
342 684 520 744 quamquam
549 669 646 726 omnia
677 669 807 745 quaein
832 666 993 727 comoediis
1017 666 1138 728 Graecis
1161 669 1248 747 liunt,
1282 667 1319 728 ad

139 760 275 823 eiusdem
298 764 402 823 aetatis
424 782 473 824 res
491 763 711 824 accommodata
730 782 796 824 esse
815 783 869 844 pro
889 764 1081 826 fundamento
1102 765 1319 827 dissertationis

139 879 211 921 suae
239 862 340 939 posuit
367 860 564 941 omnibusque
597 862 670 923 locis
702 862 739 922 ad
769 863 847 923 banc
877 880 942 923 rem
973 864 1192 943 pertinentibus
1224 881 1318 942 paene

139 957 251 1019 abusus
275 965 322 1018 est
345 951 397 1040 (cl.
417 978 445 1039 p.
466 956 530 1020 184
553 960 620 1020 adu.
642 954 689 1044 1),
720 968 818 1021 tamen
842 978 902 1021 nou
926 960 1053 1040 dubitat,
1077 964 1149 1041 quin
1173 964 1205 1022 in
1228 961 1319 1022 Persa

139 1056 214 1116 illud
243 1055 403 1117 Persarum
432 1065 534 1118 contra
561 1057 673 1118 Arabes
702 1057 813 1118 bellum
844 1059 916 1137 tingi
947 1061 1079 1138 potuerit
1110 1058 1214 1120 eadem
1247 1059 1319 1119 deli-

138 1152 293 1215 beratione
326 1162 490 1216 commotus
527 1176 615 1235 quam
648 1175 703 1236 ego
735 1175 762 1236 p.
789 1152 853 1216 183
866 1175 929 1235 sqq.
960 1158 1128 1217 accuratius
1156 1151 1318 1239 exposui¹)

140 1251 378 1313 Euellnerum
407 1255 536 1332 cogitare
565 1254 601 1315 de
625 1254 702 1315 bello
727 1274 744 1314 a
767 1271 837 1333 rege
861 1254 988 1334 quodam
1011 1254 1170 1315 Persarum
1193 1257 1225 1314 in
1248 1254 1318 1314 Ara·

138 1348 220 1410 biam
244 1360 395 1430 suscepto,
419 1350 498 1430 quod
520 1371 698 1432 quamquam
722 1352 757 1412 de
782 1352 942 1413 Persarum
965 1354 1045 1431 regis
1067 1351 1154 1413 bellis
1178 1351 1319 1412 adversus

140 1447 254 1508 Arabes
278 1451 369 1527 gestis
393 1449 466 1510 nihil
490 1452 600 1511 scimus
624 1458 723 1511 tamen
747 1451 878 1529 lingitur,
901 1469 949 1510 me
973 1459 1070 1511 autem
1095 1449 1132 1511 de
1153 1449 1231 1510 bello
1250 1452 1319 1511 licto

140 1565 158 1606 a
181 1545 313 1607 Persidis
336 1535 515 1626 provinciae
529 1547 635 1610 incolis
660 1557 811 1627 suscepto,
844 1548 917 1609 levis
942 1548 1141 1628 discrepantia
1165 1556 1223 1609 est:
1254 1566 1319 1626 gra-

140 1645 296 1705 vissimum
315 1653 447 1706 osteum
467 1648 586 1706 omnino
606 1646 662 1706 tale
682 1645 794 1707 bellum
813 1647 886 1723 fingi
903 1648 1036 1725 potuisse
1056 1645 1229 1707 concedere.

232 1741 318 1802 Modo
346 1761 410 1803 rem
437 1746 611 1823 perstrinxi,
640 1763 728 1823 quam
758 1746 926 1805 accuratius
953 1746 1095 1823 persequi
1122 1763 1229 1824 operae
1253 1763 1321 1824 pre·

141 1841 218 1900 tium
242 1858 308 1900 esse
332 1841 406 1901 mibi
429 1841 549 1921 quidem
573 1842 699 1903 videtur.
744 1842 979 1902 Wilamou'itz
1003 1844 1083 1902 enim
1107 1850 1210 1903 censet
1232 1861 1320 1921 erpe-

142 1937 287 1999 ditiouem
312 1937 394 1998 illam
416 1938 575 2001 Persarum
602 1942 634 2000 in
659 1940 796 2001 Arabiam
826 1960 843 2001 a
865 1940 968 2000 Toxilo
998 1941 1070 2019 tingi
1096 1959 1155 2001 nou
1178 1943 1321 2019 potuisse,

142 2037 202 2097 nisi
226 2043 296 2097 tuno
320 2040 462 2116 temporis
487 2037 622 2099 condicio
645 2038 712 2099 talis
732 2040 846 2116 luisset,
869 2045 904 2099 ut
921 2039 1021 2098 omnia
1040 2057 1115 2117 quae
1134 2039 1320 2116 tingerentur

142 2152 177 2195 re
204 2153 274 2196 vera
301 2136 368 2195 lieri
394 2144 526 2215 possent
571 2136 684 2197 Deinde
710 2136 864 2197 contendit
893 2137 992 2196 omnia
1015 2138 1134 2216 egregie
1158 2137 1317 2196 convenire

142 2231 219 2293 Ochi
241 2233 439 2312 temporibuS,
461 2235 541 2295 unde
565 2235 705 2313 colligere
731 2234 802 2295 licet
824 2253 893 2295 eum
916 2252 1036 2295 sumere
1058 2233 1140 2294 hunc
1163 2252 1264 2312 regem
1288 2253 1321 2294 rc

142 2348 213 2391 vera
235 2330 360 2391 Arabiae
383 2331 494 2392 bellum
517 2332 663 2393 intulisse.
705 2333 764 2394 Sed
788 2332 824 2392 de
842 2331 930 2392 bellis
949 2350 1053 2410 regum
1072 2330 1233 2392 Persarum
1252 2351 1321 2393 cou-

143 2437 189 2489 tra
212 2428 323 2489 Arabes
351 2432 443 2508 gestis
471 2431 546 2491 nihil
570 2431 632 2491 lere
660 2433 780 2491 scimus.
826 2430 888 2491 Hoc
915 2448 1008 2491 unum
1039 2437 1154 2490 constat
1176 2429 1322 2508 Cambysi,

142 2545 213 2588 cum
236 2526 455 2606 expeditionem
482 2530 514 2589 in
537 2529 701 2609 Aegyptum
729 2531 908 2608 susciperet,
936 2527 1048 2588 Arabes
1072 2535 1268 2589 commeatum
1292 2537 1322 2588 et

142 2623 272 2686 camelos
300 2643 355 2704 per
383 2625 446 2686 loca
471 2626 588 2687 deserta
611 2626 755 2706 praebere
779 2635 898 2687 coactos
921 2645 988 2686 esse
1011 2633 1042 2686 et
1064 2626 1184 2687 Darium
1208 2625 1322 2687 Arabes

142 2725 224 2783 inter
248 2730 352 2799 gentes
376 2743 391 2784 a
416 2743 447 2785 se
472 2724 609 2785 subactas
632 2719 825 2809 nominare.²)
868 2723 949 2795 Quae
971 2732 1054 2785 sexto
1073 2732 1103 2784 et
1121 2726 1206 2784 initio
1225 2727 1323 2804 quinti

142 2819 256 2881 saeculi
279 2820 355 2880 lacta
379 2830 461 2882 sunt:
489 2826 626 2902 sequenti
655 2831 749 2884 aetate
772 2822 885 2883 Arabes
913 2825 1025 2902 impetu
1053 2822 1234 2883 lacessentes
1258 2841 1320 2883 ma-

143 2920 190 2997 gis
214 2937 302 2997 quarn
326 2919 457 2981 lacessiti
487 2932 517 2982 et
543 2921 664 2982 lenitate
691 2923 791 3000 potius
815 2928 846 2982 et
869 2928 991 2998 argento
1007 2938 1103 2999 quam
1126 2922 1155 2979 vi
1178 2928 1208 2981 et
1231 2923 1323 2980 armis

143 3015 269 3077 cohibiti
287 3034 353 3078 esse
372 3017 518 3097 videntur,
542 3038 580 3080 ne
599 3019 725 3080 ulterius
743 3019 1006 3098 progrederentur.
1043 3017 1182 3078 Ceterum
1201 3019 1322 3077 omnino

145 3121 228 3174 certa
253 3113 288 3174 de
307 3115 355 3175 his
374 3114 464 3176 rebus
483 3119 625 3176 memoria
645 3135 790 3178 caremus.
828 3115 967 3187 Quamvis
987 3114 1199 3194 desideremus,
1223 3122 1322 3176 tamen

146 3211 225 3271 haud
248 3211 333 3273 facile
358 3214 489 3274 animum
513 3214 654 3276 inducere
678 3233 809 3295 possum,
837 3222 871 3275 ut
894 3215 997 3293 quinto
1020 3213 1065 3274 vel
1090 3213 1193 3274 saltem
1217 3222 1323 3292 quarto

146 3307 266 3370 saeculo
292 3309 404 3370 bellum
432 3313 511 3372 inter
537 3312 644 3374 Persas
674 3321 703 3373 et
729 3311 842 3374 Arabes
870 3312 963 3372 luisse
990 3319 1101 3391 putem.
1147 3311 1322 3390 Quicunque

145 3409 227 3467 enim
255 3415 387 3486 tempora
410 3407 460 3469 illa
482 3418 687 3490 perscrutatus
718 3413 787 3489 erit,
818 3429 887 3471 eum
917 3429 976 3470 non
1005 3410 1142 3488 effugerit
1164 3409 1323 3470 Persarum

147 3523 231 3583 reges
256 3507 434 3566 immensum
457 3526 591 3587 regnum,
618 3509 696 3589 quod
720 3528 735 3569 a
759 3507 834 3588 Cyro
857 3507 1023 3568 hereditate
1047 3515 1235 3587 acceperant,
1265 3507 1324 3567 nisi

146 3620 253 3681 magno
277 3603 377 3664 labore
402 3613 433 3666 et
455 3606 563 3667 sudore
586 3626 646 3668 nou
667 3608 850 3668 continuisse
874 3624 971 3685 neque
990 3605 1084 3667 ullum
1104 3624 1205 3684 regem
1223 3604 1323 3665 labore

145 3700 361 3782 supersedisse,
385 3705 458 3781 quin
482 3705 637 3766 seditiosas
659 3712 763 3784 gentes
781 3704 829 3765 vel
847 3702 974 3764 rebelles
992 3706 1145 3783 principes
1164 3703 1324 3782 subigeret,

145 3805 179 3859 ut
201 3800 250 3858 vix
278 3802 306 3859 ei
329 3808 447 3880 tempus
475 3801 696 3882 relinqueretur
724 3801 760 3863 ad
788 3819 879 3863 novas
907 3810 1003 3862 terras
1031 3801 1229 3862 subiciendas.
1281 3799 1324 3861 Ne

146 3895 220 3957 illud
250 3898 371 3976 quidem
402 3907 483 3960 recte
514 3919 546 3960 se
575 3899 677 3978 habet,
708 3898 788 3980 quod
810 3899 1046 3960 Wilamowitz
1076 3897 1228 3958 contendit
1255 3916 1325 3964 eum

146 3995 198 4073 qui
222 4012 258 4055 ex
282 3995 388 4056 Arabia
407 3999 530 4076 veniret,
553 3997 634 4058 nullo
654 4006 787 4077 tempore
806 4016 842 4057 ex
863 3996 964 4057 Persia
983 3997 1085 4056 venire
1105 3994 1165 4056 dici
1182 3998 1324 4074 potuisse,

146 4093 205 4151 nisi
229 4111 298 4153 cum
320 4092 429 4154 Persae
452 4102 544 4155 totam
566 4096 666 4156 Asiam
690 4095 872 4173 obtinerent,
899 4094 930 4155 id
958 4112 1025 4154 esse
1049 4093 1209 4172 superstite
1232 4110 1324 4171 regno

146 4189 320 4252 Persarum:
349 4193 468 4252 omnino
496 4191 577 4253 nullo
606 4201 738 4273 tempore
766 4193 823 4254 hoc
855 4193 913 4253 dici
939 4194 1043 4272 potuit,
1071 4193 1098 4251 si
1121 4203 1189 4250 cum
1212 4189 1324 4250 Wila·

146 4290 323 4350 mowitzio
347 4292 446 4349 omnia
465 4290 555 4351 verba
578 4294 695 4352 auraria
717 4298 828 4351 statera
846 4291 979 4370 pendere
998 4289 1142 4366 volumus,
1167 4307 1235 4349 cum
1253 4288 1325 4347 Ara·

237 4497 263 4565 1)
282 4495 451 4553 Hueffner
468 4515 496 4568 p.
512 4503 553 4552 70.
659 4500 685 4566 2)
705 4495 895 4564 Helmholt,
913 4494 1153 4566 Weltgeschichbe
1168 4495 1207 4548 III
1220 4513 1248 4565 p.
1264 4500 1325 4548 238.
