3275 5192
769 366 1013 432 „150-

298 551 381 611 lerri.
427 548 468 610 Ac
497 551 596 610 statim
619 548 746 609 Dordalo
775 548 907 627 tahellas,
936 567 1009 628 quas
1033 547 1091 609 sihi
1118 547 1155 608 ah
1179 566 1231 608 ero
1255 567 1309 609 suo
1337 567 1353 608 e
1376 547 1481 608 Persia

297 650 406 708 missas
429 665 496 708 esse
520 647 613 725 fingit,
636 645 833 726 perlegendas
856 645 955 707 tradit
997 645 1060 717 Qua
1078 649 1110 706 iu
1129 645 1256 725 epistula
1274 644 1481 706 Timarchides

297 745 396 806 Toxili
419 763 489 807 erus
513 747 671 824 scripsisse
694 745 818 823 tingitur
841 763 874 806 se
897 752 1020 825 propter
1041 745 1159 822 negotia
1177 745 1256 803 intra
1274 750 1341 803 octo
1360 761 1480 804 meuses

297 844 429 905 Athenas
452 844 562 904 reverti
586 861 645 903 non
668 837 789 923 posse;⁸
803 841 925 903 Toxilus
949 850 1049 902 autem
1071 841 1116 902 illi
1138 840 1256 919 Persae,
1280 843 1332 919 qui
1355 840 1479 900 tabellas

298 940 450 1019 detulerit,
474 941 637 1020 hospitium
659 940 834 1020 praehibeat
851 948 1005 1018 curetque,
1028 948 1062 1000 ut
1080 940 1188 1000 lurtiva
1206 941 1298 1017 virgo,
1322 956 1410 1017 quam
1428 937 1479 999 ille

297 1037 456 1098 abductam
482 1055 518 1098 ex
541 1036 648 1098 Arabia
671 1055 774 1099 secum
797 1037 918 1116 haheat,
941 1038 1074 1117 periculo
1098 1039 1162 1098 eius
1186 1038 1238 1116 qui
1262 1043 1416 1114 empturus
1439 1039 1481 1096 sit

297 1142 413 1196 veneat
460 1134 639 1215 Scrupulum
662 1134 802 1213 Dordalo,
831 1138 882 1214 qui
906 1154 1084 1215 quamquam
1106 1135 1225 1196 lucrum
1249 1135 1346 1195 lacere
1370 1153 1479 1195 concu-

296 1235 395 1313 piscit,
420 1241 518 1294 tamen
540 1251 594 1293 suo
613 1232 747 1312 periculo
765 1235 912 1312 virginem
936 1252 1035 1294 emere
1054 1241 1184 1310 veretur,
1207 1231 1328 1292 Toxilus
1347 1235 1480 1293 eximere

297 1338 431 1409 conatus,
453 1338 487 1391 ut
505 1330 613 1392 Persae
638 1329 824 1392 advenientis
845 1334 1074 1393 mercimonium
1093 1333 1242 1410 inspiciat,
1265 1331 1433 1411 persuadet.

387 1429 424 1489 lV
442 1425 473 1489 4.
521 1429 722 1507 Sagaristio
760 1436 791 1489 et
822 1431 945 1508 parasiti
977 1429 1057 1490 lilia
1090 1428 1210 1490 Persico
1243 1437 1349 1491 ornatu
1381 1429 1479 1490 induti

296 1525 472 1606 procedunt
519 1525 606 1604 Virgo
631 1544 647 1585 a
666 1525 868 1604 Sagaristioue
891 1528 1081 1607 interrogata,
1104 1525 1251 1607 montedo
1269 1526 1402 1589 Athenae
1421 1527 1480 1588 sihi

296 1625 379 1684 visae
403 1626 471 1702 sint,
496 1622 601 1684 callide
625 1630 655 1684 et
673 1623 782 1684 anilem
802 1625 865 1684 lere
884 1625 1074 1704 prudentiam
1092 1644 1163 1705 prae
1183 1644 1215 1686 se
1234 1626 1336 1686 serens
1355 1644 1479 1705 respon-

298 1721 360 1801 det,
391 1721 423 1782 id
450 1720 530 1800 quod
553 1721 678 1782 Toxilo
708 1721 937 1783 exclamationes
965 1722 1170 1784 admirationis
1198 1726 1353 1803 expromit
1404 1723 1479 1783 Cum

295 1821 380 1898 virgo
399 1817 552 1880 llordalo
577 1838 694 1899 quoque
714 1821 808 1899 magis
828 1822 981 1899 magisque
1000 1821 1123 1901 placeat,
1146 1820 1268 1882 Toxilus
1287 1823 1324 1899 ei,
1347 1829 1381 1882 ut
1400 1820 1480 1881 illam

297 1925 386 1996 emat,
409 1916 590 1996 persuadere
619 1925 744 1978 conatur
773 1920 872 1978 omnia
900 1918 1054 1980 commoda
1082 1919 1255 1998 depingens
1271 1927 1301 1980 et
1324 1937 1480 1996 exornans,

297 2034 374 2095 quae
398 2018 513 2094 virgine
543 2023 640 2095 empta
669 2018 697 2076 ei
721 2016 893 2076 offerantur.
939 2016 1059 2096 lamque
1089 2016 1197 2078 stultus
1221 2017 1288 2077 leno
1311 2019 1342 2077 in
1367 2035 1402 2077 eo
1426 2024 1481 2094 est,

297 2122 332 2176 ut
356 2132 372 2174 e
396 2112 617 2175 Pseudo-Persa
643 2121 779 2194 quaerat,
808 2132 867 2193 quo
895 2117 992 2194 pretio
1015 2114 1096 2175 illam
1115 2113 1263 2177 abducere
1285 2117 1388 2194 possit,
1412 2133 1480 2176 cum

298 2210 420 2272 Toxilus
451 2227 533 2290 eum,
565 2218 599 2272 ut
629 2230 770 2272 securum
794 2210 913 2290 reddat,
946 2214 1107 2273 amicitiam
1135 2212 1279 2273 simulans
1301 2221 1414 2291 mouet,
1447 2220 1481 2272 ut

298 2328 376 2389 quae
401 2308 437 2370 ad
460 2328 526 2370 rem
549 2312 720 2388 pertineant
748 2313 833 2389 prius
862 2329 898 2370 ex
920 2309 1019 2387 puella
1042 2318 1243 2389 percontetur.
1289 2310 1369 2372 Leno
1394 2310 1479 2371 valde

298 2409 417 2486 gavisus
437 2426 469 2468 se
488 2409 577 2468 amici
596 2407 721 2468 oonsilio
740 2427 756 2467 e
776 2407 881 2487 laqueo
901 2408 1034 2487 elapsum
1053 2427 1119 2468 esse
1138 2415 1250 2468 tantam
1269 2408 1372 2468 Toxilo
1391 2408 1480 2469 tidem

297 2503 396 2583 habet,
419 2512 462 2582 ut,
487 2503 557 2566 dum
580 2505 661 2566 illam
684 2512 886 2584 percontetur,
910 2525 978 2567 eum
998 2505 1102 2566 adesse
1122 2508 1321 2584 concupiscat
1367 2504 1480 2567 Deinde

299 2622 368 2663 curn
396 2605 480 2681 virgo
511 2603 612 2663 lenoni
640 2605 851 2682 interroganti,
879 2603 958 2683 quod
983 2621 1092 2664 nomeu
1121 2602 1192 2682 sihi,
1220 2603 1273 2664 uhi
1296 2612 1376 2683 nata,
1405 2622 1480 2683 quae

298 2703 404 2781 patria,
428 2700 508 2780 quod
531 2719 639 2761 nomen
662 2703 756 2780 patris
781 2704 828 2779 sit,
852 2701 999 2780 ambiguis
1022 2701 1122 2762 verhis
1141 2709 1217 2781 apte,
1241 2720 1274 2762 re
1293 2711 1366 2762 vcra*
1382 2711 1481 2764 autem

298 2798 375 2859 nihil
399 2797 597 2878 responderit,
621 2797 671 2859 ille
696 2818 711 2860 a
735 2799 839 2859 Toxilo
863 2799 1040 2878 stimulatus,
1065 2819 1242 2879 quamquam
1266 2808 1296 2861 et
1318 2799 1481 2880 Sagaristio

299 2905 330 2957 et
353 2897 436 2975 virgo
461 2898 580 2976 saepius
604 2915 672 2957 eum
696 2905 877 2958 monuerunt
904 2897 984 2957 illam
1012 2901 1170 2977 mancupio
1198 2917 1257 2959 uon
1283 2898 1355 2978 dari,
1381 2907 1481 2960 tamen

298 2993 431 3072 Persam,
455 3001 489 3054 ut
511 2997 641 3073 pretium
659 2993 780 3074 indicet,
803 3003 913 3056 monet.
949 2994 1110 3075 Postquam
1128 2998 1234 3076 ingens
1255 3000 1407 3076 sexaginta
1426 2999 1481 3057 mi·

299 3109 406 3151 narum
431 3093 561 3170 pretium
584 3094 663 3153 inter
687 3111 737 3153 eos
756 3096 903 3171 convenit,
926 3093 994 3154 leno
1014 3093 1134 3155 domum
1152 3102 1301 3174 properat,
1323 3100 1358 3154 ut
1376 3112 1481 3172 argeu-

299 3197 364 3250 tum
390 3189 501 3250 afferat.

390 3286 427 3346 lV
441 3282 470 3348 5.
508 3287 667 3369 Postquam
689 3289 834 3350 Dordalus
858 3289 943 3368 abiit,
971 3289 1121 3351 Toxilus
1143 3291 1279 3367 virgini
1302 3289 1411 3364 gratias
1435 3305 1481 3346 re·

300 3385 367 3463 lert,
392 3384 471 3464 quod
490 3393 590 3464 partes
609 3404 677 3447 suas
697 3389 807 3466 optime
827 3388 997 3465 obtinuerit
1018 3395 1047 3447 et
1066 3388 1352 3464 Sagaristiouem
1371 3392 1481 3459 monet,

299 3491 334 3542 ut
362 3482 414 3543 uhi
443 3492 599 3562 argentum
628 3504 643 3545 a
672 3485 778 3546 lenone
808 3488 959 3565 acceperit
981 3483 1101 3545 simulet
1124 3486 1208 3562 quasi
1233 3481 1269 3541 ad
1292 3488 1411 3559 portum
1436 3486 1483 3539 eat

301 3599 375 3643 uere
401 3580 520 3643 domum
544 3601 576 3644 se
600 3585 733 3663 recipiat,
757 3602 795 3644 ue
820 3583 920 3644 lenoni
943 3583 1073 3660 suspicio
1097 3585 1257 3639 moveatur.

391 3679 428 3739 lV
448 3677 477 3740 6.
523 3680 698 3741 Dordalus
728 3683 880 3760 sexaginta
907 3682 1003 3739 minas
1033 3677 1148 3738 duobus
1179 3677 1309 3736 nummis
1336 3693 1390 3755 pro
1415 3692 1482 3736 cru·

302 3778 384 3837 mina
409 3775 537 3856 demptis
566 3779 653 3838 effert
676 3785 706 3838 et
729 3777 972 3857 Sagaristioni
1002 3774 1057 3835 dat.
1104 3773 1160 3844 Oui
1185 3776 1283 3834 statim
1307 3773 1390 3834 abire
1414 3791 1483 3852 pro·

302 3881 396 3954 perat,
420 3893 488 3935 cum
511 3878 630 3954 negotia
652 3874 759 3935 haheat
782 3882 812 3934 et
835 3875 987 3952 geminum
1010 3872 1141 3949 fratrem,
1165 3889 1254 3950 quem
1277 3869 1400 3930 Athenis
1420 3887 1482 3930 ser·

301 3973 366 4032 rire
398 3972 553 4052 audiverit,
583 3972 731 4033 redimere
762 3972 842 4033 velit.
897 3970 1074 4048 Priusquam
1106 3976 1204 4030 autem
1235 3968 1309 4046 abit,
1338 3967 1483 4028 Dordalus

302 4087 414 4132 acmen
447 4069 482 4130 ah
515 4088 550 4130 eo
581 4076 782 4150 percontatur.
835 4069 912 4129 Tum
944 4067 1105 4145 Sagaristio
1137 4066 1230 4127 multa
1263 4066 1330 4126 ticta
1361 4067 1483 4126 nomina

305 4168 400 4246 allent,
425 4167 533 4247 quibus
557 4166 629 4247 quid
653 4185 755 4227 rerum
779 4169 906 4246 gesserit
934 4168 1006 4226 satis
1030 4166 1109 4226 clare
1132 4164 1252 4226 indicat
1298 4163 1419 4224 hliranti
1442 4162 1483 4222 le·

303 4267 376 4326 noni
406 4265 478 4325 dicit
500 4263 659 4325 Persarum
687 4283 800 4326 morem
831 4283 896 4326 esse
919 4263 1006 4344 longa
1031 4266 1150 4325 nomina
1174 4261 1410 4341 contortiplicata
1433 4263 1484 4322 ha·

303 4362 385 4424 here.
433 4361 564 4424 Suhinde
588 4362 626 4423 ad
648 4369 767 4442 portum
790 4370 939 4444 properat

395 4460 432 4520 lV
457 4457 484 4520 l.
531 4460 706 4523 Dordalus
737 4472 849 4541 autem,
883 4480 971 4541 quem
1001 4459 1149 4521 Toxilus
1182 4464 1364 4536 commonet,
1396 4452 1483 4537 quam
