3275 5192
777 355 1019 420 -156-

309 539 425 616 roganti
448 537 558 616 lenoni,
582 537 660 616 quod
684 556 793 598 nomen
816 539 845 598 ei
868 540 916 617 sit,
939 539 1017 599 lictis
1040 546 1070 598 at
1086 537 1188 598 hercle
1209 536 1299 598 claris
1316 537 1490 598 nominihus

309 637 337 695 ei
361 634 496 696 fraudem
519 653 612 714 paene
636 634 747 696 indicat
770 642 800 696 et
819 637 904 714 quasi
927 623 959 696 in
978 654 1011 696 os
1030 637 1141 714 ingerit
1158 629 1237 718 (701
1250 629 1338 715 sqq).
1384 634 1490 716 Neque

308 735 340 794 in
371 734 429 794 dne
460 731 575 794 fabulae
602 732 747 794 Dordalus
777 733 942 795 calamitate
973 753 1026 795 sua
1050 733 1153 794 doctus
1177 741 1237 813 est,
1264 733 1318 794 sed
1339 735 1491 813 patienter

308 831 409 910 plagas
442 831 510 909 lert,
541 849 616 910 quae
647 833 674 892 ei
705 831 840 892 aToxili
865 831 994 894 satellite
1023 831 1162 893 audaciae
1188 833 1382 913 ingeruntur3
1415 833 1494 912 quim

310 931 399 990 etiam
422 930 554 990 inimicis
577 930 608 988 in
632 931 691 990 line
714 948 821 990 manus
846 929 903 990 dat.

400 1026 511 1087 Similis
535 1045 568 1088 ac
592 1026 733 1088 lenonum
757 1035 802 1088 est
824 1031 1025 1106 parasitorum
1049 1027 1183 1088 condicio
1207 1030 1238 1088 in
1258 1027 1432 1089 comoediis:
1454 1036 1489 1088 ut

309 1125 433 1186 lenones
455 1126 546 1186 nimis
570 1125 661 1205 stulti,
685 1127 726 1186 ita
748 1127 871 1204 parasiti
895 1128 972 1188 lame
990 1145 1085 1206 paene
1104 1128 1232 1186 emortui
1251 1125 1378 1205 ideoque
1397 1128 1489 1187 nimis

309 1223 418 1284 edendi
447 1222 525 1283 avidi
549 1221 764 1302 depinguntur,
793 1231 827 1284 ut
855 1226 881 1285 si
909 1226 941 1285 in
967 1225 1026 1285 vita
1054 1224 1157 1285 eadem
1183 1223 1368 1304 impudentia
1391 1227 1448 1303 eis,
1472 1244 1488 1285 a

309 1321 418 1401 quibus
442 1340 515 1382 cena
538 1323 634 1382 iuvari
655 1323 788 1403 cupiunt,
809 1321 977 1384 molestiam
1000 1330 1149 1402 pararent,
1173 1324 1220 1382 vix
1240 1339 1372 1401 unquam
1395 1324 1491 1383 saturi

302 1420 424 1480 tierent.
470 1419 514 1480 dd
538 1419 666 1499 quodvis
687 1421 802 1481 facinus
825 1422 938 1480 ventris
962 1439 1051 1481 causa
1073 1421 1197 1500 parasiti
1219 1422 1314 1500 parati
1337 1429 1416 1482 sunt
1454 1420 1489 1481 ln

309 1516 402 1578 Milite
431 1516 564 1579 Glorioso
598 1517 719 1598 quidem
746 1520 921 1597 Artotrogus
949 1521 1097 1598 parasitus
1127 1517 1255 1596 gloriose
1285 1520 1430 1580 mentitur
1459 1527 1490 1580 et

310 1614 424 1676 fallacia
447 1617 523 1676 facta
547 1617 792 1695 comminiscitur,
815 1634 892 1695 quae
915 1625 1058 1694 patronus
1082 1635 1154 1677 suus
1178 1617 1291 1677 lecerit.
1337 1616 1371 1676 ln
1388 1616 1492 1678 Sticho

310 1711 476 1774 Gelasimus
499 1716 648 1792 parasitus
671 1716 839 1775 auctionem
863 1714 934 1774 lacit
956 1732 1058 1775 rerum
1081 1733 1203 1775 suarum
1226 1717 1361 1794 quamvis
1384 1717 1491 1776 miser·

310 1813 463 1890 rimarum,
487 1830 524 1872 ne
547 1811 648 1873 inedia
671 1811 852 1873 absumatur.
898 1812 932 1873 ln
950 1812 1042 1873 Persa
1065 1819 1164 1873 autem
1187 1815 1320 1873 veritatis
1343 1812 1418 1874 tides
1440 1815 1489 1873 rix

310 1917 460 1988 servatur,
489 1929 558 1970 cum
582 1909 699 1971 Saturio
723 1911 871 1989 parasitus
895 1929 930 1970 eo
954 1910 1101 1972 aviditatis
1123 1909 1341 1990 progrediatur,
1363 1919 1398 1972 ut
1419 1930 1492 1972 ren·

310 2010 366 2068 tris
390 2027 478 2068 eausa
502 2007 593 2069 tiliam
616 2027 700 2069 suam
724 2016 784 2068 tam
806 2007 998 2068 inhonestum
1021 2009 1052 2067 in
1073 2007 1172 2070 locum
1191 2007 1318 2069 deducat
1336 2027 1433 2089 neque
1456 2017 1493 2070 ut

311 2105 449 2167 ancillam
477 2125 542 2167 eam
570 2106 698 2167 rendere
727 2106 851 2166 dubitet
903 2104 1000 2166 Simili
1029 2108 1144 2167 ratione
1173 2124 1206 2167 ac
1233 2105 1375 2167 lenonum
1398 2109 1491 2186 nimia

311 2203 437 2264 stultitia
460 2204 534 2264 haec
556 2207 755 2283 parasitorum
778 2204 973 2265 immoderata
996 2203 1144 2282 cupiditas
1168 2213 1338 2266 excusatur:
1367 2223 1435 2265 cum
1458 2206 1491 2265 in

208 2298 209 2302 ’
310 2303 370 2362 vita
392 2301 582 2380 parasitando
612 2321 757 2362 summam
780 2302 945 2363 molestiam
972 2301 1147 2363 exhiberent
1170 2301 1302 2382 adeoque
1326 2304 1491 2382 importuni

311 2408 423 2479 essent,
451 2409 485 2461 ut
512 2403 560 2460 vix
594 2402 682 2461 ianua
710 2401 865 2480 prohiberi
890 2408 1025 2479 possent,
1055 2403 1087 2459 in
1115 2399 1268 2461 comoedia
1295 2419 1330 2461 ea
1354 2420 1386 2460 re
1411 2399 1491 2462 deri·

312 2498 470 2577 dabantur,
500 2497 578 2578 quod
608 2516 711 2559 eorum
740 2498 887 2579 cupiditas
916 2497 1022 2560 edendi
1049 2500 1082 2558 in
1109 2500 1206 2559 maius
1234 2499 1397 2577 augebatur
1418 2501 1489 2578 ipsi·

312 2615 369 2676 que
398 2597 483 2657 lamis
512 2596 675 2675 explendae
705 2615 793 2657 causa
821 2596 946 2676 quodvis
970 2597 1085 2657 lacinus
1113 2598 1266 2676 suscipere
1293 2596 1491 2676 fingebantur.

401 2693 443 2754 Ex
478 2693 569 2755 altera
601 2701 700 2774 parte,
730 2702 763 2755 ut
795 2694 918 2755 lenones
950 2696 1040 2755 nimis
1073 2693 1156 2755 stulti
1189 2702 1219 2755 et
1249 2697 1373 2776 parasiti
1400 2697 1491 2756 nimis

312 2791 419 2853 edendi
444 2800 616 2872 appetentes
641 2793 805 2872 linguntur‘,
833 2792 975 2854 lenonum
1003 2791 1179 2871 adversarii,
1206 2795 1298 2871 servi,
1328 2793 1437 2873 quibus
1459 2793 1491 2853 id

311 2892 502 2969 potissimum
530 2890 677 2969 agendum
701 2898 760 2970 est,
787 2899 822 2952 ut
849 2890 972 2952 lenones
1000 2892 1168 2952 miserrime
1196 2900 1371 2971 emungant,
1398 2893 1490 2952 nimia

313 2989 375 3048 lere
405 2987 565 3049 calliditate
594 2997 623 3049 et
651 2991 757 3050 astutia
787 2991 928 3050 instructi
951 2996 1034 3068 sunt,
1059 2997 1094 3050 ut
1115 2992 1250 3068 quemvis
1275 2989 1374 3051 dolum
1397 2989 1491 3050 celer·

313 3088 388 3148 rime
412 3088 677 3147 comminiscantur
706 3095 735 3147 et
763 3095 914 3166 tamquam
938 3106 993 3166 per
1016 3086 1119 3148 ludum
1143 3087 1180 3148 ad
1203 3090 1294 3149 tinem
1316 3087 1491 3166 perducant

312 3183 349 3243 Et
371 3184 504 3262 prolecto
527 3183 680 3262 habemus,
704 3203 758 3246 cur
781 3187 934 3264 miremur,
962 3205 1019 3264 qua
1048 3193 1129 3246 certa
1158 3188 1271 3246 ratione
1295 3203 1399 3245 servus
1422 3205 1491 3266 pro·

209 3363 212 3369 ⁴
311 3283 404 3341 misso
429 3281 495 3342 dato
516 3290 671 3366 argentum
690 3291 843 3363 comparet
866 3291 896 3345 et
919 3303 977 3363 qua
994 3285 1192 3363 prosperitate
1211 3285 1240 3342 ei
1258 3290 1292 3342 ut
1308 3285 1491 3360 promissum

312 3386 446 3459 praestet
473 3382 631 3460 contingat.
678 3381 711 3441 ln
735 3381 826 3442 Persa
854 3381 975 3461 quidem
999 3383 1160 3460 Sagaristio
1187 3382 1236 3438 vix
1262 3381 1356 3439 amico
1378 3383 1491 3457 promi·

313 3479 366 3556 sit,
394 3496 425 3538 se
455 3481 659 3557 quaesiturum
684 3499 764 3558 esse,
795 3498 867 3540 num
896 3482 963 3559 quis
990 3488 1146 3556 argentum
1174 3476 1232 3536 sibi
1259 3474 1383 3535 credere
1409 3476 1490 3553 relit,

312 3595 381 3636 cum
404 3576 524 3638 Toxilus
549 3577 606 3638 sibi
630 3590 785 3656 argentum
810 3579 873 3639 lore
896 3595 951 3656 pro
975 3583 1056 3636 certo
1079 3573 1168 3635 babet
1187 3568 1227 3655 (r.
1242 3569 1285 3634 45
1309 3591 1416 3649 nempe
1434 3575 1490 3634 bet-

313 3677 366 3734 beo
391 3679 422 3734 to
446 3670 582 3762 muodo).
628 3675 665 3736 Et
688 3693 866 3754 progressus
885 3672 1000 3734 fabulae
1022 3672 1107 3732 docet
1125 3671 1261 3732 Toxilum
1281 3671 1492 3750 Sagaristionis

312 3774 458 3852 promisso
483 3774 570 3834 srsum
590 3782 745 3852 argentum
765 3771 823 3833 sibi
841 3773 901 3831 iam
918 3777 1054 3849 paratum
1074 3788 1139 3831 esse
1159 3787 1287 3848 sperare.
1334 3768 1408 3830 Nam
1432 3771 1492 3830 etsi

312 3869 434 3931 Toxilus
454 3889 508 3950 pro
529 3890 581 3931 sua
601 3889 717 3949 quoque
736 3877 821 3948 parte
841 3887 873 3929 se
892 3869 1098 3947 quaesiturum
1116 3887 1182 3929 esse
1200 3867 1352 3946 praedicat
1366 3860 1406 3950 (r.
1421 3863 1492 3951 47),

313 3986 345 4028 re
373 3987 442 4029 vera
470 3987 529 4029 non
558 3975 712 4046 argentum
742 3969 931 4045 quaesiturus
959 3973 1017 4044 est,
1045 3965 1097 4026 sed
1126 3985 1160 4026 ea
1189 3965 1225 4026 de
1241 3951 1342 4026 xcansa
1370 3964 1492 4031 domum.

313 4085 344 4126 se
369 4068 484 4146 recipit,
508 4074 541 4126 ut
565 4065 665 4126 lenoni
688 4064 795 4125 malam
819 4082 884 4125 rem
902 4082 1039 4142 magnam
1063 4071 1208 4144 excoquat
1227 4057 1267 4147 (v.
1282 4057 1351 4147 52).
1388 4062 1491 4143 ltaque

313 4166 438 4224 remittit
462 4170 617 4241 argentum
637 4162 803 4223 Saturionis
827 4155 868 4246 (r.
886 4156 973 4247 127),
997 4181 1086 4242 quem
1108 4162 1215 4242 pridie,
1237 4169 1272 4223 ut
1292 4161 1351 4222 sibi
1370 4180 1490 4222 sescen-

314 4271 359 4322 tos
382 4279 521 4322 nummos
544 4268 663 4321 mutuos
689 4260 780 4339 daret,
804 4269 966 4340 rogaverat,
991 4279 1059 4323 cum
1082 4278 1258 4341 persuasum
1276 4259 1384 4320 habeat
1403 4259 1491 4338 Saga·

313 4361 468 4419 ristionem
493 4357 550 4418 sibi
574 4367 729 4437 argentum
752 4359 1012 4439 suppeditaturum
1036 4377 1111 4420 esse.
1154 4357 1233 4429 Quid
1252 4359 1277 4418 si
1297 4357 1493 4436 Sagaristioni

313 4475 371 4516 non
395 4458 579 4536 contigisset,
610 4465 734 4519 uterus
765 4460 793 4519 ei
823 4466 980 4537 argentum
1010 4456 1047 4518 ad
1077 4455 1232 4518 solvendos
1262 4454 1353 4517 boves
1385 4451 1493 4515 daret?
