3275 5192
629 396 872 461 —157-

157 575 264 638 Nonne
287 584 347 638 tota
371 578 467 638 Toxili
490 579 669 639 machinatio
692 579 777 639 irrita
797 586 876 639 esset
895 586 924 639 et
944 576 1121 640 corrueret?
1167 578 1226 640 Sed
1248 579 1338 640 huius

158 677 213 756 rei,
228 694 302 756 quae
317 676 403 737 facile
419 678 485 737 lieri
497 679 604 756 potuit,
626 674 776 737 comoedia
792 679 938 738 rationem
957 696 1016 738 non
1035 677 1137 738 habet:
1156 677 1235 757 quod
1254 678 1338 750 forte,

157 775 185 834 si
209 782 430 854 peropportune
454 773 575 854 accidit,
604 776 668 835 lieri
699 783 808 854 potest,
837 773 868 835 id
896 777 937 836 ita
961 776 1120 854 effingitur,
1144 778 1229 855 quasi
1253 775 1339 837 aliter

157 873 280 933 evenire
310 891 369 934 non
400 875 503 952 possit
556 872 657 952 ltaque
689 875 863 952 saepissime
893 875 930 937 in¹
956 874 1117 934 comoediis
1145 890 1248 934 servus
1271 893 1339 954 pro·

155 971 266 1048 mittit,
295 972 373 1051 quod
400 973 447 1031 vix
477 979 629 1051 praestare
657 978 767 1050 potest,
798 971 844 1031 vcl
868 973 958 1033 etiam
981 990 1042 1050 eos,
1066 991 1140 1051 quos
1164 971 1339 1033 defraudare

158 1067 236 1148 vult,
266 1077 381 1148 monet,
411 1078 445 1131 ut
472 1089 489 1129 a
516 1071 601 1130 tricis
625 1071 688 1130 suis
712 1077 845 1149 caveant,
876 1077 907 1130 et
929 1077 1029 1130 tamen
1051 1072 1198 1150 promissa
1221 1088 1340 1150 semper

159 1174 300 1246 praestat.

251 1282 331 1344 Talia
353 1302 459 1362 parum
481 1283 664 1361 verisimilia,
687 1301 762 1362 quae
786 1285 817 1343 in
841 1301 876 1343 eo
899 1284 995 1361 posita
1016 1291 1094 1361 sunt,
1117 1282 1196 1362 quod
1214 1285 1340 1344 virtutes

159 1379 208 1441 -vcl
240 1383 311 1442 vitia
343 1400 540 1460 personarum
573 1379 758 1461 quarundam
790 1384 823 1441 in
855 1382 950 1441 maius
988 1389 1147 1460 augentur,
1183 1383 1340 1441 universae

160 1477 331 1540 comoediae
354 1473 507 1564 propria1)
532 1478 658 1558 ideoque
682 1478 791 1540 Persae
815 1497 884 1539 cum
908 1481 1017 1540 ceteris
1041 1479 1148 1540 fabulis
1172 1481 1341 1540 communia

161 1585 241 1638 sunt
288 1578 423 1640 Attamen
451 1578 560 1639 Persae
592 1595 685 1637 unum
717 1576 868 1656 peculiare
902 1584 960 1652 est,
994 1577 1072 1656 quod
1105 1577 1193 1638 lruius
1226 1576 1341 1638 labulae

158 1683 249 1755 poeta
272 1675 392 1737 admisit
415 1675 553 1756 quodque
576 1677 608 1735 in
631 1677 741 1736 ceteris
764 1675 876 1736 frustra
901 1677 1124 1754 quaesitavcris.
1170 1675 1237 1737 lure
1262 1678 1341 1735 cnim

161 1773 325 1853 isendijk
349 1777 552 1853 quaestionem
575 1775 715 1852 proponit
738 1765 780 1855 (p.
800 1767 873 1856 54),
905 1791 978 1834 num
1008 1773 1172 1834 secundum
1205 1781 1342 1834 naturam

160 1871 320 1933 humanam
345 1874 408 1951 liat,
436 1879 471 1933 ut
497 1890 601 1933 servus
629 1889 699 1931 suae
728 1873 823 1949 ipsius
851 1871 956 1932 salutis
979 1871 1088 1932 oblitus
1111 1871 1249 1932 omnibns
1271 1874 1342 1932 viri·

160 1969 218 2030 bus
243 1971 362 2031 elliccre
387 1970 517 2049 studeat,
544 1977 578 2030 ut
606 1968 695 2030 alium
726 1988 845 2030 servum
872 1970 919 2030 vel
948 1969 1035 2030 aliam
1063 1988 1179 2030 servam
1206 1969 1342 2048 redimat,

160 2066 235 2128 adeo
264 2070 311 2128 sui
339 2068 486 2129 commodi
514 2071 683 2145 immemor,
711 2075 744 2128 ut
773 2067 876 2128 eadem
908 2070 1034 2147 pecunia
1058 2086 1090 2128 sc
1114 2071 1212 2148 ipsum
1236 2067 1342 2128 redimi

161 2183 251 2246 posse
278 2184 337 2226 non
361 2169 479 2246 cogitet.
525 2166 558 2226 ln
583 2167 692 2226 ceteris
715 2167 794 2226 enim
819 2166 981 2226 comoediis
1012 2185 1129 2245 servus,
1151 2164 1204 2226 uhi
1227 2173 1342 2226 tautum

161 2271 320 2342 argentum
343 2272 447 2325 nactus
471 2273 525 2343 est,
548 2271 658 2342 quanto
682 2263 718 2324 ad
742 2263 951 2325 redimendum
974 2282 1093 2325 servum
1111 2283 1186 2344 opus
1206 2272 1259 2342 est,
1282 2281 1342 2324 non

161 2361 230 2440 sihi,
255 2361 307 2423 sed
331 2381 381 2423 ero
406 2381 459 2423 suo
484 2364 609 2423 amicam
633 2363 776 2422 servitute
799 2360 914 2423 liberat
956 2361 1014 2423 Sed
1038 2361 1119 2440 illud,
1143 2361 1222 2441 quod
1244 2361 1342 2422 lsen·

162 2459 241 2540 oijk
261 2460 465 2540 deprehendit,
485 2478 664 2540 quamquam
679 2462 745 2520 iure
760 2467 863 2520 contra
883 2459 995 2521 dictum
1014 2479 1080 2521 esse
1099 2459 1224 2540 videtur,
1243 2467 1342 2520 tamen

161 2575 223 2618 non
255 2557 412 2638 hahemus,
445 2577 499 2618 cur
530 2566 634 2638 poetae
661 2560 733 2618 vitio
763 2564 923 2619 vertamus.
969 2557 1042 2629 Quis
1075 2561 1154 2619 enim
1188 2560 1246 2619 scit
1276 2559 1344 2619 ficri

162 2657 311 2736 potuisse,
338 2664 372 2717 ut
395 2675 498 2717 servus
522 2675 607 2717 erum
631 2674 719 2717 suum
742 2658 839 2736 pretio
867 2659 1026 2736 emptionis
1056 2656 1187 2736 deposito
1216 2663 1344 2735 cogeret,

161 2761 198 2814 ut
220 2755 318 2833 ipsum
340 2773 431 2815 manu
451 2751 622 2815 emitteret?
668 2752 770 2833 Neque
794 2755 874 2815 enim
898 2757 1055 2834 quisquam
1079 2754 1115 2814 ad
1138 2754 1195 2815 hoc
1217 2753 1344 2834 proban·

163 2851 237 2912 dum
258 2851 381 2913 Casinas
405 2872 431 2913 v.
451 2849 628 2913 314-316
651 2853 769 2932 afferet,
796 2852 849 2913 ubi
872 2851 1008 2933 Olympio
1031 2853 1137 2914 vilicus
1160 2852 1234 2913 haec
1258 2851 1345 2912 dicit:

428 2988 507 3059 Quin
530 2991 558 3047 si
581 2994 613 3047 tu
637 2990 715 3047 nolis
734 2990 879 3062 filiusque
900 2991 992 3048 etiam
1016 2995 1091 3061 tuoe,

432 3086 521 3146 Vobis
543 3088 648 3146 invitis
670 3092 761 3160 atque
785 3087 942 3145 amborum
965 3088 1112 3160 inpratiis

430 3185 495 3244 Una
518 3186 619 3244 libella
643 3185 721 3244 liber
736 3200 863 3260 possum
882 3186 962 3256 fieri.

164 3331 300 3412 Olympio
324 3336 404 3395 enim
429 3334 495 3395 erili
518 3336 583 3394 seni
607 3352 746 3413 magnum
775 3342 891 3412 gratum
916 3336 1039 3412 lecerat,
1068 3352 1136 3394 cum
1165 3334 1193 3393 ei
1217 3334 1344 3410 morige-

165 3438 248 3492 ratus
272 3439 360 3511 essct,
383 3440 416 3493 ut
439 3450 560 3511 sperare
583 3439 692 3511 posset,
717 3451 801 3493 erum
825 3451 878 3492 sua
902 3439 1007 3512 sponte
1030 3434 1129 3512 ipsum
1149 3430 1345 3494 liberaturum

167 3547 242 3589 csse.
279 3529 382 3609 Neque
407 3549 481 3610 quae
501 3528 591 3590 verba
610 3529 757 3590 Strobilos
776 3549 881 3591 servus
899 3530 963 3591 Aul.
978 3550 1004 3590 v.
1019 3525 1194 3591 816-817
1215 3529 1345 3608 profert:

306 3665 384 3735 Quin
408 3682 464 3741 eqo
487 3668 534 3725 illi
556 3682 602 3725 mc
625 3668 775 3726 invenisse
799 3667 868 3726 dico
891 3667 974 3726 hooc
989 3668 1144 3742 praedam
1167 3697 1211 3707 -

303 3763 405 3838 Ipitur
427 3765 522 3823 orado
546 3770 579 3822 ut
602 3780 693 3822 manu
717 3780 763 3823 mc
787 3767 919 3823 emittat:
941 3766 990 3825 ido
1015 3770 1107 3838 atque
1129 3766 1257 3838 eloquar

166 3913 326 3992 quicquam
359 3913 485 3993 probare
518 3921 649 3993 possunt.
696 3912 842 3974 Similiter
869 3915 949 3974 enim
976 3913 1032 3973 hac
1060 3915 1091 3973 in
1119 3912 1217 3972 fabula
1241 3931 1290 3972 res
1314 3931 1345 3972 sc

166 4007 257 4070 habet
280 4017 367 4089 atque
391 4014 423 4072 in
446 4011 565 4072 Casina:
595 4014 621 4072 si
645 4010 791 4072 Strobilus
818 4030 908 4072 manu
938 4013 1066 4072 mittitur
1093 4003 1186 4093 (quod
1215 4011 1287 4088 quin
1313 4011 1346 4070 in

167 4109 277 4168 amissa
299 4117 384 4188 parte
407 4109 522 4171 iahulac
547 4110 655 4170 lactum
678 4111 726 4189 sit,
750 4127 809 4170 non
834 4109 1027 4171 dubitandum
1055 4103 1129 4191 est),
1162 4108 1218 4168 hoc
1246 4126 1281 4167 ea
1309 4107 1345 4167 de

167 4224 256 4266 causa
280 4207 328 4286 lit,
351 4207 431 4287 quod
450 4207 613 4287 Lyconides
637 4225 706 4268 crus
730 4209 758 4267 ei
780 4214 894 4268 tantam
917 4210 1041 4286 gratiam
1066 4204 1199 4285 debebat,
1223 4213 1257 4266 ut
1277 4222 1346 4266 eum

260 4435 286 4502 1)
305 4431 367 4486 Huc
394 4431 492 4486 referri
519 4434 614 4501 potest
631 4431 704 4486 illud
722 4432 883 4488 Aristotelis
902 4431 948 4502 (de
968 4448 992 4486 a.
1008 4450 1034 4501 p.
1051 4434 1165 4501 1448a):
1186 4429 1203 4498 ἡ
1223 4429 1274 4498 μὲν
1292 4427 1345 4497 γὰρ

169 4512 219 4580 (sc.
238 4510 380 4584 κωμῳδία)
399 4510 509 4582 χείρους
527 4516 673 4582 μιμεῖσθαι
692 4513 820 4584 βούλεται
837 4521 893 4568 τῶν
911 4520 971 4568 νῦν.
1060 4524 1063 4536 ’
