3275 5192
775 340 1019 403 -166-

303 535 401 598 neque
417 518 586 599 Sagaristio,
606 520 654 581 cui
669 520 790 581 Toxilus
809 520 859 581 tlla
877 521 967 582 verba
987 521 1067 600 dicit,
1086 541 1184 602 neque
1203 532 1394 603 spectatores,
1413 542 1483 584 cum

303 615 387 678 illum
411 635 531 678 versum
559 617 744 696 1111111111,
767 617 828 679 ullo
851 618 939 679 modo
962 621 993 680 in
1021 621 1137 682 incerto
1160 621 1296 702 fuerunt,
1319 640 1393 700 quas
1415 639 1482 701 par·

303 722 349 775 tes
379 714 446 776 leno
474 723 589 794 ageret,
621 735 689 777 cum
717 734 753 777 ex
781 715 877 777 Toxili
904 735 974 778 cum
1002 717 1201 796 Sagaristione
1234 719 1381 798 colloquio
1414 737 1483 799 per·

304 814 455 892 cepissent
477 812 561 874 illum
586 831 684 875 amare
708 832 806 893 neque
825 813 944 892 babere,
967 815 1047 876 unde
1066 817 1191 878 amicam
1210 817 1379 878 redimeret
1417 816 1482 895 Ubi,

304 929 427 990 quaeso,
457 913 612 990 meretrix,
644 931 719 991 quae
749 931 786 972 ne
818 915 1031 993 sempiternam
1061 916 1235 976 servitutem
1267 916 1376 976 serviat
1407 909 1481 998 (34)

303 1017 417 1070 amator
439 1011 557 1089 metuit,
584 1012 617 1071 in
645 1010 795 1071 comoedia
818 1013 932 1072 versari
955 1012 1105 1077 censenda
1133 1019 1178 1074 est
1200 1015 1259 1074 nisi
1281 1015 1314 1074 in
1336 1020 1482 1092 potestate

303 1105 442 1169 lenonis?
487 1107 590 1187 ltaque
614 1108 773 1186 Sagaristio
798 1117 828 1170 et
851 1097 1046 1189 spectatores,
1070 1109 1122 1171 ubi
1145 1109 1323 1172 audiverunt
1345 1111 1482 1172 Toxilum

303 1206 403 1268 lenoni
431 1206 537 1267 malam
566 1224 631 1267 rem
658 1224 795 1285 magnam
824 1215 1016 1268 excocturum
1044 1227 1124 1289 esse,
1147 1211 1247 1270 statim
1271 1209 1483 1270 intellexerunt

302 1305 439 1367 Toxilum
462 1323 548 1367 erum
572 1307 683 1366 amicae
703 1323 773 1365 suae
793 1304 926 1366 ulturum
945 1324 1020 1384 1111,
1043 1314 1078 1367 11
1095 1307 1152 1368 boo
1169 1325 1229 1367 uno
1248 1324 1336 1366 versu
1355 1323 1482 1385 sequen·

302 1404 344 1464 111
364 1405 435 1464 satis
455 1402 648 1482 explicentur.
690 1401 733 1463 Ne
757 1402 788 1463 id
806 1402 928 1483 quidem
947 1422 1021 1484 opus
1040 1405 1105 1482 fuit,
1129 1404 1207 1485 quod
1231 1403 1389 1484 Seyffert
1413 1421 1482 1464 cen·

302 1503 375 1579 suit,
408 1500 625 1580 spectatoribus
657 1502 689 1562 in
716 1500 838 1581 prologo
868 1501 1040 1563 liberiorem
1066 1501 1162 1563 Toxili
1195 1501 1400 1563 condicionem
1432 1520 1482 1562 ex·

301 1598 425 1679 planari.
472 1598 546 1659 Nam
577 1618 645 1660 cum
673 1599 891 1679 spectatoribus
919 1607 949 1659 ct
971 1598 1112 1660 Romanis
1142 1607 1172 1659 ct
1195 1597 1316 1661 Graecis
1346 1599 1482 1661 condicio

302 1694 518 1775 dispensatoris
555 1698 626 1757 satis
661 1699 777 1775 cognita
808 1705 886 1776 erat,
922 1705 986 1758 tum
1017 1699 1131 1776 primae
1162 1715 1268 1758 scenae
1299 1697 1388 1780 verba
1419 1703 1481 1758 lom

300 1798 383 1856 servi
414 1797 466 1855 bic
493 1803 599 1855 amant
626 1788 700 1877 (25)
729 1801 758 1855 et
791 1814 864 1856 erus
883 1800 1044 1872 peregrini
1070 1789 1145 1878 (29)
1173 1797 1345 1856 inusitatam
1372 1797 1404 1855 in
1432 1815 1481 1856 co·

301 1891 417 1954 moedia
441 1891 536 1952 Toxili
560 1891 764 1953 condicionem
788 1895 860 1954 satis
883 1893 1024 1954 indicant

392 1990 437 2052 Ad
455 2009 530 2069 quos
549 1990 630 2052 locos
649 1990 809 2070 Seyffert
826 1999 982 2070 praeterea
1001 1999 1124 2071 spectet,
1146 2011 1214 2052 cum
1234 1990 1306 2053 dicit
1324 1991 1481 2053 nonnullas

302 2088 492 2150 difficultates
516 2087 579 2150 tolli
602 2106 699 2168 posse,
723 2091 749 2148 si
767 2086 908 2169 prologus
927 2090 1116 2151 intercidisse
1136 2098 1279 2167 sumatur,
1302 2091 1481 2168 cogitatione

301 2188 420 2266 assequi
443 2205 503 2248 non
525 2205 656 2266 possum,
682 2205 750 2247 cnm
774 2187 873 2248 nullus
897 2187 980 2248 locus
998 2188 1072 2248 mibi
1095 2196 1155 2249 tam
1178 2187 1324 2248 obscurus
1348 2189 1481 2248 111111·

302 2283 415 2362 111111,
439 2287 490 2364 qui
513 2284 704 2363 singulariter
734 2291 817 2346 extra
847 2287 993 2346 actionem
1016 2286 1159 2365 explicari
1184 2285 1296 2365 debeat,
1322 2287 1382 2346 nisi
1405 2286 1481 2346 sorte

302 2383 338 2443 11
362 2385 450 2443 tertia
469 2384 559 2462 primi
578 2390 661 2443 actus
681 2401 770 2443 scena
792 2385 909 2462 cogitat,
933 2385 982 2443 eui
1001 2383 1129 2463 quidem,
1147 2385 1194 2445 uti
1211 2402 1291 2445 nunc
1310 2391 1365 2462 111,
1389 2383 1481 2462 expli·

301 2483 416 2541 catione
447 2499 522 2560 opus
553 2489 606 2541 est
659 2480 720 2540 Η11
751 2482 831 2541 enim
858 2483 889 2541 in
920 2474 1285 2566 11111(1.134-147)
1312 2481 1433 2542 Toxilus
1464 2500 1481 2541 a

302 2578 459 2640 Saturione
490 2578 631 2659 postulat,
659 2585 693 2639 ut
721 2577 812 2638 tiliam
844 2597 927 2640 suam
955 2581 1049 2658 ipsius
1073 2581 1167 2658 gratia
1189 2579 1310 2658 vendat,
1338 2588 1369 2640 et
1396 2578 1481 2640 Satu-

300 2679 355 2754 rio,
380 2695 558 2756 quamquam
581 2678 678 2756 primo
702 2684 849 2756 gravatur,
873 2684 971 2738 tamen
991 2679 1081 2738 minis
1100 2677 1195 2738 Toxili
1214 2686 1379 2739 commotus
1399 2696 1431 2739 se
1451 2680 1480 2738 ei

301 2777 551 2854 morigeratumm
572 2793 637 2835 esse
657 2774 822 2854 pollicetur.
859 2775 954 2854 Atque
975 2776 1040 2835 lieri
1059 2795 1118 2837 non
1136 2777 1241 2856 potuit,
1261 2778 1333 2857 quin
1353 2775 1480 2853 Saturio,

300 2875 476 2952 priusquam
503 2873 684 2951 promissum
717 2872 810 2951 dedit,
842 2872 1012 2934 erudiretur
1035 2873 1127 2934 filiam
1150 2893 1235 2935 suem
1262 2893 1322 2935 non
1346 2891 1479 2951 111111,

300 2971 354 3032 111
377 2973 409 3032 11
432 2973 562 3050 speciem
586 2957 702 3032 tantum
720 2970 905 3032 vendendam
929 2990 1004 3033 1111.
1046 2971 1119 3042 Quis
1143 2975 1222 3034 enim
1246 2981 1339 3052 pater,
1363 2973 1481 3032 etiamsi

299 3071 448 3149 parasitus
473 3071 519 3148 sit,
544 3068 634 3129 frliam
658 3087 742 3129 suam
765 3071 878 3131 ventris
902 3088 990 3130 causa
1012 3069 1135 3132 vendit?
1175 3072 1220 3131 An
1239 3079 1326 3150 poeta
1345 3068 1480 3132 consulto

300 3167 437 3228 Toxilum
460 3185 520 3229 non
544 3165 702 3227 addentem
721 3167 792 3228 lecit
811 3169 958 3246 virginem
976 3169 1008 3228 in
1027 3170 1156 3248 speciem
1176 3175 1291 3230 tanturn
1310 3170 1422 3246 111111,
1446 3176 1480 3227 11

299 3267 463 3344 nequitiam
491 3266 613 3344 parasiti
638 3264 867 3344 demonstraret,
898 3267 984 3327 cuius
1011 3269 1133 3328 nimiam
1157 3265 1326 3327 aviditatem
1350 3266 1479 3325 comicos

299 3351 409 3424 minam
433 3365 465 3423 in
487 3361 609 3423 modum
633 3381 741 3442 augere
769 3371 798 3424 11
829 3363 957 3424 libenter
980 3364 1110 3425 cavillari
1132 3366 1191 3423 iam
1215 3380 1306 3440 supra
1328 3358 1479 3420 vidimus?

300 3460 485 3540 Quamquam
508 3479 568 3521 non
591 3478 714 3540 prorsus
737 3463 908 3541 negaverim
931 3469 1048 3540 poetam
1071 3461 1130 3522 tale
1154 3459 1225 3538 quid
1248 3476 1281 3519 re
1304 3475 1373 3517 1111
1392 3458 1478 3534 sequi

299 3561 433 3639 potuisse
456 3577 553 3637 neque
577 3561 732 3620 occasione
756 3558 822 3621 data
840 3561 968 3620 veritum
987 3577 1053 3618 esse
1071 3558 1194 3636 parasiti
1215 3554 1369 3616 deridendi
1389 3571 1477 3615 causa

300 3656 390 3718 iidem
426 3657 560 3718 veritatis
596 3675 701 3736 parum
738 3675 870 3734 servare,
901 3663 1001 3716 tamen
1034 3657 1078 3715 eis
1114 3673 1188 3733 quae
1221 3661 1364 3714 secuntur
1398 3671 1477 3713 com-

299 3761 398 3816 motus
422 3774 489 3815 cum
513 3754 657 3816 hocloco
681 3755 738 3815 tale
763 3754 921 3814 consilium
948 3751 1088 3812 habuisse
1113 3770 1199 3830 nego.
1244 3751 1288 3812 Ex
1310 3752 1478 3830 praeceptis

300 3855 389 3932 enim,
413 3871 488 3932 quae
511 3853 632 3913 Toxilus
656 3852 807 3912 Saturioni
829 3853 861 3910 in
885 3847 1079 3928 sequentibus
1105 3849 1161 3928 dat,
1185 3868 1261 3929 quae
1285 3850 1333 3909 hic
1356 3851 1388 3910 in
1406 3866 1477 3908 ven·

301 3949 396 4011 denda
418 3952 533 4030 virgine
557 3949 702 4027 observet,
726 3955 850 4028 apparet
872 3956 902 4009 11
924 3945 1125 4009 venditionem
1153 3950 1184 4008 11
1208 3949 1339 4028 speciem
1362 3954 1477 4007 tantunr

300 4049 366 4109 11111
389 4056 420 4110 11
443 4048 632 4109 Saturionem
655 4045 711 4106 boc
734 4063 794 4106 non
818 4048 965 4124 ignorare.
1010 4044 1079 4106 ldeo
1103 4047 1169 4106 lieri
1192 4062 1252 4105 non
1274 4052 1381 4124 potest,
1404 4045 1476 4123 quin

299 4149 447 4226 parasitus
472 4153 557 4206 antea
581 4163 598 4204 a
618 4143 721 4203 Toxilo
743 4143 799 4204 bac
822 4145 854 4203 in
879 4162 911 4204 rc
935 4143 1070 4204 eruditus
1093 4144 1196 4221 luerit,
1221 4141 1300 4222 quod
1323 4140 1403 4203 nullo
1427 4161 1477 4221 ap·

299 4246 375 4304 tiore
404 4244 468 4304 loco
497 4244 606 4303 lactum
635 4247 680 4302 cst
711 4259 799 4321 quam
829 4249 897 4322 post
923 4260 1043 4303 versum
1068 4237 1145 4320 136,
1175 4238 1228 4300 ubi
1255 4241 1313 4299 iam
1337 4237 1475 4299 Ritscbl

299 4350 330 4403 et
354 4341 466 4403 Goetz
491 4347 521 4400 ct
540 4334 738 4424 Ladewig1)
762 4339 899 4402 lacunam
918 4346 1094 4401 statuerunt
1131 4339 1232 4418 Aeque
1252 4343 1368 4398 constat
1386 4337 1478 4413 signi·

390 4479 416 4544 1)
435 4475 536 4530 Philol.
555 4477 632 4531 XVII
650 4495 676 4548 p.
692 4483 744 4532 474
754 4495 814 4548 sqq.
