3275 5192
753 308 996 372 -182—

282 492 411 551 iactam
435 508 500 551 esse
524 490 661 551 crederet
679 497 845 550 commotus
868 498 921 568 est,
945 492 977 550 in
1001 509 1036 551 eo
1060 491 1191 570 positum
1215 499 1269 570 661,
1292 492 1371 571 quod
1393 493 1461 570 „Ti-

282 588 450 650 marchides
469 589 659 650 Atheniensis
683 588 865 667 expeditioni
888 590 1014 649 interest
1037 607 1053 648 a
1074 606 1145 667 rege
1163 588 1322 650 Persarum
1340 592 1372 650 iu
1391 590 1462 651 Ara·

282 687 361 748 biam
386 695 541 766 susceptae
565 694 594 747 61
617 685 708 746 Persa
731 685 861 765 puellam
880 704 916 747 61
935 686 1041 747 Arabia
1061 694 1173 766 raptam
1193 687 1316 748 Athenis
1334 686 1466 749 vendit‘fl
1488 726 1493 734 -

282 785 364 856 Quae
386 784 465 863 quod
484 803 543 845 nou
563 802 595 845 rc
615 803 685 844 vera
704 791 786 862 gesta
805 791 915 863 essent,
936 785 989 845 sed
1009 803 1025 844 a
1043 784 1146 845 Toxilo
1165 803 1250 846 servo
1269 787 1462 864 tingerentur,

283 882 320 944 ad
339 882 420 942 illam
440 901 503 942 rem
522 885 643 942 omnino
662 901 721 942 non
744 883 909 961 pertinere:
933 901 968 943 ea
992 883 1072 961 fingi,
1096 885 1165 962 quia
1186 884 1257 962 fingi
1277 891 1339 944 tum
1359 893 1462 963 potue-

284 982 352 1041 rint.
398 979 511 1041 Deinde
540 979 621 1041 nullo
649 989 782 1059 tempore
811 998 847 1040 eu
875 979 978 1039 Persia
1005 983 1107 1042 venire
1136 983 1269 1060 potuisse
1303 982 1362 1042 dici
1394 1001 1462 1043 eum

284 1071 324 1161 (v.
344 1072 425 1162 498)
450 1080 502 1158 qui
524 1081 640 1139 veniret
663 1096 698 1138 ex
722 1077 839 1157 Arabia,
869 1079 928 1138 nisi
952 1097 1019 1138 cum
1043 1085 1135 1139 totam
1157 1081 1257 1140 Asiam
1280 1079 1387 1140 Persae
1411 1080 1463 1140 ob·

283 1178 423 1237 linerent
469 1175 584 1247 Quibus
624 1178 806 1254 argumentis
844 1183 1010 1236 commotus
1042 1176 1275 1238 Wilamowitz
1313 1178 1464 1239 concludit

283 1275 405 1336 Persam
424 1276 618 1354 compositam
638 1292 703 1334 esse
723 1275 884 1354 superstite
903 1291 995 1352 regno
1011 1273 1171 1335 Persamm
1189 1283 1219 1336 et
1238 1278 1336 1336 omnia
1356 1278 1463 1338 eximie

284 1375 442 1433 convenire
461 1372 646 1452 temporibus
665 1372 837 1432 Artaxerxis
855 1370 903 1431 111.
923 1370 1005 1447 Ochi,
1025 1372 1180 1434 fortissimi
1198 1376 1278 1452 regis
1296 1374 1463 1453 Persarum,

284 1473 335 1550 qui
360 1489 436 1531 anno
460 1466 525 1531 338
544 1479 675 1530 ,mortem
699 1469 780 1530 obiit.

374 1567 602 1630 Concedendum
627 1575 672 1629 est
692 1567 765 1628 baec
789 1575 962 1646 argumenta
986 1586 1020 1627 ea
1039 1587 1105 1629 esse
1124 1588 1200 1648 quae
1219 1569 1463 1649 obstupefaciant,

285 1675 314 1727 et
338 1666 425 1727 facile
449 1667 591 1727 effectura
615 1685 689 1746 esse,
713 1674 746 1727 ut
769 1685 844 1746 quae
866 1665 915 1726 1116
933 1667 980 1726 vir
999 1665 1103 1727 doctus
1122 1685 1157 1727 ex
1177 1669 1221 1728 eis
1240 1667 1367 1746 collegit,
1390 1667 1465 1728 nulli

286 1764 374 1826 dubio
399 1763 524 1825 obnoxia
547 1763 710 1825 videantur.
753 1763 789 1824 Et
811 1764 946 1845 prolecto
969 1766 1026 1824 1111
1051 1763 1130 1824 docti
1153 1766 1196 1824 eis
1219 1767 1260 1826 ita
1283 1768 1363 1844 capti
1386 1775 1464 1845 sunt,

284 1870 319 1924 ut
342 1862 480 1923 adhunc
506 1863 584 1923 diem
607 1881 754 1942 nusquam
778 1861 903 1940 legerim
930 1880 1110 1941 quemquam
1139 1880 1173 1922 ea
1201 1863 1330 1923 refutare
1358 1863 1405 1923 vel
1432 1866 1464 1923 in

286 1960 499 2022 dubitationem
523 1979 628 2021 vocare
652 1967 790 2021 conatum
813 1978 889 2020 esse.
935 1959 1111 2020 Huellner
1134 1959 1270 2040 quidem,
1292 1968 1327 2021 ut
1350 1963 1409 2022 iam
1432 1964 1463 2021 in

284 2060 369 2119 initio
391 2060 628 2137 commemoravi,
651 2076 830 2137 quamquam
849 2060 962 2136 etipse
981 2059 1077 2137 primo
1096 2058 1218 2118 Persam
1236 2077 1329 2119 novae
1348 2077 1466 2120 comoe-

286 2156 350 2217 diae
379 2175 444 2217 esse
466 2175 643 2236 persuasum
665 2155 808 2216 habuerat
836 2155 927 2235 idque
950 2155 1077 2234 probare
1101 2164 1224 2217 conatus
1247 2164 1324 2235 erat,
1356 2156 1465 2217 11116-

284 2256 455 2315 mowitzii
488 2255 671 2333 argumentis
702 2256 799 2315 victus
831 2253 1058 2314 Demosthenica
1090 2262 1185 2316 aetate
1220 2273 1285 2315 eam
1322 2257 1465 2334 scriptam

286 2370 351 2414 esse
371 2361 473 2413 censet
493 2345 525 2435 (l.
541 2372 565 2412 c.
580 2372 608 2432 p.
625 2346 780 2436 70-71).
814 2351 879 2413 Non
899 2370 985 2412 secus
1004 2351 1071 2412 Leo
1085 2351 1359 2413 Wilamouitzio
1377 2353 1464 2432 plane

286 2445 484 2535 assentitur.¹)
523 2450 584 2529 Ego
608 2469 726 2530 quoque
750 2468 928 2529 quamquam
947 2449 1055 2510 Persae
1078 2449 1209 2511 indolem
1232 2469 1324 2511 novae
1348 2469 1464 2512 comoe-

286 2549 351 2609 diae
376 2555 434 2609 tam
459 2567 525 2609 esse
549 2568 637 2627 quam
660 2555 761 2627 posset
785 2555 871 2608 autea
893 2548 968 2608 mibi
990 2566 1211 2627 persuaseram,
1241 2557 1340 2610 tamen
1367 2551 1465 2629 primo

286 2647 390 2707 obtutu
422 2646 502 2707 illius
541 2648 598 2706 viri
636 2646 714 2708 docti
758 2647 941 2724 argumentis
978 2645 1088 2706 cedens
1127 2645 1262 2707 dubitare
1299 2664 1465 2727 coeperam.

285 2745 402 2806 Diutius
426 2752 524 2806 autem
548 2752 578 2806 et
601 2747 768 2806 accuratius
791 2744 868 2804 hanc
891 2761 956 2804 rem
979 2751 1079 2804 mente
1103 2746 1226 2822 agitanti
1247 2753 1464 2824 argumentum,

285 2862 344 2922 quo
363 2844 489 2904 maxime
509 2842 558 2903 1116
582 2844 696 2921 11111161,
720 2861 816 2921 neque
841 2840 876 2902 ab
896 2843 977 2902 omni
999 2849 1082 2922 parte
1106 2841 1259 2921 probabile
1282 2861 1379 2923 neque
1404 2844 1464 2904 sul·

286 2942 376 3001 ficere
409 2941 482 3001 mihi
514 2943 611 3002 risum
644 2947 702 3019 est,
736 2959 794 3019 quo
822 2947 883 3000 tam
910 2942 985 3000 mira
1014 2948 1044 3001 et
1070 2940 1209 3002 notabilis
1237 2960 1287 3002 res
1315 2977 1358 2985 -
1386 2944 1467 3003 inter

285 3040 390 3118 viginti
419 3041 498 3100 enim
526 3047 555 3099 et
583 3057 673 3099 unam
706 3038 819 3098 fabulas
847 3034 996 3099 Plautinas
1028 3041 1134 3118 viginti
1160 3058 1253 3100 novae
1286 3040 1466 3119 comoediae,

286 3155 344 3198 una
367 3136 482 3197 mediae
506 3144 586 3198 esset
609 3171 651 3180 -
676 3137 747 3197 satis
771 3137 857 3196 firme
879 3135 1030 3214 probetur.

286 3267 287 3270 ¹
376 3235 432 3296 Pro
469 3234 659 3296 fundamento
697 3234 923 3312 argumentandi
955 3237 1086 3295 rationis
1116 3253 1186 3296 suae
1219 3234 1466 3313 Wilamowitz,

286 3352 375 3414 quern
399 3335 535 3412 sequitur
557 3332 745 3406 Huellner,
768 3334 877 3412 posuit,
901 3350 1095 3413 quaecunque
1114 3335 1145 3393 iu
1166 3331 1326 3393 comoediis
1344 3329 1466 3392 Graecis

288 3431 323 3492 de
348 3438 481 3510 tempore
499 3432 652 3510 praesenti
669 3433 934 3509 pronuntiarentur
952 3429 988 3490 ad
1005 3430 1037 3489 id
1055 3433 1153 3508 ipsum
1173 3438 1290 3508 tempus
1310 3429 1466 3489 referenda

288 3546 367 3608 esse,
400 3547 458 3607 quo
486 3528 638 3589 comoedia
666 3531 828 3608 composita
856 3536 943 3588 esset.
990 3527 1134 3606 Equidem
1165 3535 1199 3587 ut
1221 3526 1297 3586 hanc
1321 3528 1467 3588 rationem

287 3610 347 3686 non
371 3643 528 3704 agnoscam
553 3633 603 3686 aut
626 3626 755 3686 refutare
779 3625 902 3687 audeam
921 3632 1036 3684 tantum
1056 3623 1148 3702 abest,
1171 3632 1204 3684 ut
1222 3623 1306 3685 valde
1326 3624 1466 3704 dolerem,

379 3871 404 3938 1)
423 3867 514 3922 Pluut.
535 3868 646 3922 Forsch.
665 3887 693 3938 p.
710 3874 761 3923 110
778 3911 783 3920 .
799 3909 828 3922 ..
849 3868 917 3935 „der
934 3868 1028 3933 Persa,
1048 3867 1103 3920 den
1117 3867 1307 3922 Wilamowitz
1322 3868 1374 3922 auf
1385 3869 1467 3922 einen

288 3947 404 4002 Dichter
423 3949 473 4002 der
490 3947 633 4002 mittieren
653 3947 786 4003 Oomddie
804 3947 1025 4018 zureckgefuhrt
1042 3948 1119 4002 1161“.
1155 3948 1233 4002 Idem
1252 3949 1282 4001 in
1302 3949 1365 4003 adn.
1385 3948 1467 4002 addit

288 4045 312 4082 v.
340 4033 404 4082 506:
429 4028 617 4097 Cbrpaopole'm
636 4029 736 4084 Persae
754 4046 844 4098 cepere
861 4030 954 4084 61116111
974 4031 1005 4082 111
1023 4029 1133 4083 Arabia
1151 4044 1181 4081 re
1206 4045 1272 4082 vera
1291 4027 1363 4082 nihil
1387 4027 1466 4081 aliud

288 4123 370 4177 posse
398 4107 558 4176 significare
584 4109 652 4164 nisi:
681 4109 808 4180 βασιλεὺς
835 4111 950 4162 καθεῖλε
979 4105 1156 4176 Χρυσόπολιν
1183 4116 1233 4177 τῆς
1254 4104 1390 4179 Ἀραβίας.
1432 4107 1467 4161 Ei

288 4187 381 4242 adhue
407 4204 573 4255 persuasum
605 4205 666 4244 esse
693 4189 808 4243 Persam
840 4189 950 4242 mediae
978 4188 1139 4243 comoediae
1167 4204 1228 4242 6666
1254 4189 1295 4242 616
1322 4187 1466 4257 probatur,

289 4284 362 4336 quae
385 4285 474 4337 nuper
497 4268 527 4322 in
549 4269 642 4324 Herm.
661 4269 723 4323 XLI
745 4288 772 4339 p.
788 4274 929 4323 tto-446
949 4269 985 4323 de
1007 4269 1134 4339 Diogene
1157 4268 1234 4337 apud
1254 4269 1386 4322 Plautum
1410 4269 1467 4322 dis-

289 4347 384 4413 seruit,
404 4348 453 4402 ubi
468 4349 539 4405 dicit
553 4353 590 4421 (p.
606 4353 680 4421 440):
696 4350 776 4420 „Dass
791 4351 841 4404 das
857 4349 985 4420 Original
1004 4350 1053 4404 dea
1067 4349 1153 4404 Persa
1170 4365 1220 4402 vor
1234 4348 1284 4403 der
1297 4349 1468 4418 Zerstdrung

288 4429 338 4482 dee
357 4430 546 4484 Persemeichs
566 4432 712 4503 gedichtet
730 4431 776 4498 ist,
796 4432 847 4484 1161
864 4429 1055 4484 Wilamowita
1074 4428 1292 4485 6111166611...“
