3275 5192
608 368 851 432 -179-

300 551 469 624 Argentum
494 555 621 628 accepit,
646 554 736 612 abitt:
759 556 813 627 put
836 569 891 628 epo
915 570 998 613 nanc
1020 557 1094 630 scio,

300 649 349 717 Aa
374 652 435 709 tum
460 651 626 710 adseratur
648 651 727 710 baec
749 653 865 711 mune?
889 668 948 726 quo
971 654 1054 711 illum
1077 655 1211 726 sequar?

300 746 337 805 Io
362 747 495 806 Persas?
517 765 625 822 nepae.

52 927 53 942 ¹
140 905 241 984 ltaque
272 904 357 966 lacile
387 905 521 986 intellegi
548 914 647 986 potest
678 915 708 968 et
737 909 848 987 optime
877 917 1003 987 apoeta
1025 909 1183 989 probatum
1206 916 1252 970 est
1276 910 1316 971 le-

52 1007 53 1040 r
140 1021 261 1081 nonem,
289 1002 341 1063 ubi
369 1006 498 1083 primum
528 1012 641 1085 patrem
671 1007 794 1084 virginis
823 1005 978 1067 advenisse
1006 1006 1132 1086 audivit,
1161 1009 1260 1068 statim
1284 1026 1316 1068 se

52 1151 53 1168 ,
140 1103 265 1179 periisse
297 1103 421 1181 sentire,
459 1121 527 1163 cum
559 1102 590 1163 id
623 1102 701 1182 quod
733 1105 874 1164 timuerat
910 1106 1029 1164 evenire
1058 1105 1186 1184 videret,
1218 1124 1316 1185 neque

141 1201 259 1260 omnino
284 1198 428 1279 dubitare,
452 1202 524 1278 quin
546 1200 664 1262 Saturio
686 1219 756 1262 vera
779 1201 959 1281 loqueretur.
992 1201 1056 1273 Qua
1076 1202 1111 1264 de
1135 1221 1224 1264 causa
1248 1222 1316 1265 eum

141 1315 171 1357 se
193 1296 287 1357 libera
305 1299 421 1376 virgine
441 1305 539 1377 empta
557 1317 697 1377 magnum
717 1300 833 1360 lacinus
855 1302 1039 1361 commisisse
1060 1303 1140 1361 etin
1158 1301 1315 1362 manifesto

139 1390 397 1480 ἀνδραποδισμῷ
424 1399 521 1456 teneri
545 1396 603 1457 sibi
633 1399 771 1458 conscius
803 1405 896 1478 esset,
928 1398 1092 1460 cavendum
1123 1401 1151 1459 ei
1179 1407 1255 1475 erat,
1278 1418 1316 1460 ne

140 1495 281 1553 conviciis
303 1495 335 1552 in
358 1500 473 1573 patrem
496 1496 620 1572 virginis
644 1495 758 1556 collatis
782 1514 851 1556 eum
874 1496 942 1575 plus
966 1499 1106 1576 irritaret,
1132 1500 1223 1558 immo
1247 1517 1316 1577 sup-

139 1591 258 1668 pliciter
281 1609 349 1652 eum
373 1591 531 1671 implorare
557 1592 666 1671 debuit,
695 1601 729 1654 ut
751 1592 810 1654 sibi
831 1602 970 1673 parceret
991 1602 1020 1655 et
1043 1614 1059 1655 a
1083 1614 1172 1656 causa
1195 1591 1317 1676 ἄνδρα·

139 1686 307 1770 ποδισμοῦ
331 1688 497 1751 desisteret.
535 1690 572 1751 Et
590 1691 648 1752 tale
669 1691 739 1771 quid
758 1710 791 1752 re
811 1711 882 1752 vera
900 1693 978 1773 apud
997 1693 1133 1754 Plautum
1157 1695 1317 1772 exstitisse,

140 1794 372 1848 aretractatore
403 1796 501 1848 autem
531 1791 675 1850 omissum
706 1807 785 1868 esse,
817 1808 853 1850 ex
884 1790 940 1851 alia
963 1809 1080 1871 quoque
1105 1791 1317 1853 deliberatione

139 1887 283 1965 sequitur,
307 1885 454 1965 adquam
479 1887 574 1966 quinti
598 1894 680 1948 actus
704 1889 818 1948 ratione
841 1888 941 1950 habita
963 1888 1164 1969 perducimur.

227 1984 296 2045 lure
320 1986 399 2044 enim
422 1986 567 2045 miramur
590 1987 620 2045 in
645 1988 747 2064 quinto
772 1993 839 2046 actu
864 1986 1051 2047 Saturionem
1069 1989 1241 2067 parasitum,
1266 1989 1317 2066 qui

138 2084 251 2142 ventris
275 2089 389 2143 tantum
413 2100 502 2143 causa
525 2101 557 2144 se
579 2082 681 2144 Toxilo
705 2101 826 2163 operam
846 2083 915 2145 dare
934 2084 1164 2165 praedicaverat,
1187 2103 1248 2146 nou
1270 2087 1316 2145 in-

139 2188 252 2241 teresse
277 2182 424 2260 convivio,
452 2180 530 2261 quod
556 2181 606 2241 bic
634 2181 772 2242 omnibus
800 2200 927 2260 quonum
951 2201 1041 2263 opera
1065 2182 1149 2244 dolus
1172 2201 1316 2263 prospere

139 2286 278 2340 evenerat
300 2281 488 2358 comparavit.
535 2277 637 2358 Neque
665 2282 764 2340 minus
792 2279 961 2341 mirandum
985 2287 1031 2340 est
1053 2280 1203 2359 lenonem,
1227 2299 1316 2359 quem

138 2378 167 2436 in
192 2378 252 2437 line
276 2379 373 2456 quarti
398 2385 480 2439 actus
509 2396 524 2438 a
548 2376 705 2438 Saturione
729 2379 831 2438 iuius
855 2385 972 2457 raptum
996 2397 1062 2439 esse
1086 2380 1210 2457 seimus,
1236 2378 1316 2439 unde

137 2482 261 2554 propter
290 2474 525 2553 magnitudinem
556 2477 691 2536 criminis
714 2478 762 2535 vix
793 2477 822 2536 ei
850 2475 1035 2537 redeundum
1059 2477 1127 2556 luit,
1157 2479 1188 2537 in
1212 2478 1315 2555 quinto

139 2581 205 2634 actu
235 2591 340 2634 rursus
367 2575 399 2633 in
428 2591 545 2634 scenam
573 2572 694 2652 prodire
719 2581 748 2634 et
771 2592 826 2634 nos
850 2576 970 2634 omnino
993 2593 1053 2635 non
1076 2577 1218 2636 certiores
1241 2575 1317 2657 beri,

138 2670 210 2749 quid
243 2673 323 2732 inter
355 2670 541 2732 Saturionem
575 2679 604 2732 et
635 2671 796 2732 Dordalum
826 2674 858 2732 in
891 2673 954 2732 loro
985 2680 1083 2733 aetum
1114 2676 1162 2734 sit.
1214 2673 1316 2752 ltaque

137 2763 404 2853 Wilamowitz¹)
438 2771 639 2830 coniecturam
673 2771 756 2850 lecit,
789 2789 865 2849 quae
898 2769 995 2850 aliqua
1027 2770 1132 2831 saltem
1165 2790 1200 2832 ex
1231 2778 1316 2850 parte

138 2885 273 2946 magnam
297 2866 534 2946 probabilitatem
557 2886 629 2946 prae
653 2886 685 2928 se
710 2869 788 2928 serre
811 2867 885 2927 mibi
909 2867 1029 2946 quidem
1052 2867 1177 2929 videtur.
1220 2869 1316 2946 Atque

138 2973 221 3026 ratus
244 2983 305 3024 uon
328 2973 564 3043 retractatorem,
596 2964 648 3025 sed
671 2964 808 3026 Plautum
836 2967 935 3044 ipsum
963 2965 1039 3025 banc
1062 2974 1177 3044 partem
1201 2965 1316 3026 fabulae

139 3065 323 3124 contraxisse
347 3062 419 3124 bace
444 3064 506 3124 lere
530 3065 662 3142 exponit:
691 3062 758 3124 leno
782 3064 928 3141 virginem
952 3064 1091 3124 furtivam
1114 3062 1238 3123 liberam
1262 3081 1316 3123 suo

138 3159 272 3238 periculo
297 3163 382 3240 emit,
410 3162 450 3222 ita
472 3169 507 3222 ut
529 3179 626 3241 neque
650 3161 754 3222 vadem
778 3162 936 3240 emptionis
959 3180 1057 3240 neque
1080 3168 1188 3222 testem
1209 3159 1317 3220 babeat

138 3277 236 3338 neque
261 3259 465 3339 syngrapham,
489 3277 603 3338 quase
627 3258 785 3319 bonafide
810 3260 906 3336 egisse
924 3259 1052 3338 probare
1072 3261 1177 3338 possit.
1214 3258 1316 3337 ltaque

52 3425 53 3440 2
138 3373 153 3415 a
175 3363 262 3435 patre
290 3358 415 3435 virginis
440 3360 471 3417 in
496 3360 542 3418 ius
567 3359 694 3436 rapitur,
724 3376 791 3418 cum
815 3359 847 3416 in
871 3358 1028 3418 manifesto
1056 3352 1316 3439 ἀνδραποδισμῷ

52 3455 53 3496 ³
138 3461 288 3534 teneatur,
316 3456 348 3514 in
372 3474 430 3535 quo
455 3457 506 3535 qui
528 3454 762 3534 deprehenditur
784 3455 881 3515 Attico
905 3457 970 3516 iure
994 3462 1075 3516 reeta
1094 3456 1141 3515 via
1164 3453 1200 3514 ad
1222 3452 1316 3515 unde·

137 3553 278 3613 cimviros
311 3553 441 3614 eundum
473 3561 531 3632 est,
562 3552 639 3632 apud
670 3572 744 3633 quos
776 3552 812 3614 de
843 3555 939 3632 capite
970 3556 1075 3632 agitur.
1121 3553 1222 3632 ltaque
1248 3570 1317 3612 cum

138 3650 332 3712 nibilominus
354 3650 498 3712 llordalus
522 3653 553 3710 in
577 3653 679 3731 quinto
704 3659 771 3712 actu
795 3669 900 3712 rursus
923 3653 955 3711 iu
979 3670 1096 3712 scenam
1119 3650 1244 3730 prodeat
1265 3668 1316 3710 ue·

138 3766 195 3827 que
222 3748 339 3810 Saturio
363 3767 453 3810 cenae
478 3749 614 3810 aToxilo
638 3757 757 3828 paratae
775 3751 903 3827 intersit,
928 3749 994 3809 lieri
1012 3768 1072 3809 non
1090 3750 1224 3827 potuisse
1247 3765 1317 3807 oon·

52 3831 53 3882 l
138 3845 245 3926 cludit,
276 3849 348 3927 quin
377 3849 410 3907 iu
441 3846 575 3926 exemplo
598 3847 694 3907 Attico
718 3847 797 3924 leno,
828 3865 866 3906 ne
896 3845 948 3906 lite
972 3848 1077 3925 capitis
1104 3843 1318 3924 implicaretur,

135 3963 245 4023 magna
267 3948 395 4025 pecunia
419 3945 485 4006 data
510 3964 526 4006 a
549 3944 706 4006 Saturione
729 3947 917 4024 impetraret,
942 3951 976 4004 ut
1000 3963 1016 4004 a
1040 3961 1128 4004 eausa
1152 3937 1316 4021 ἀνδραπο-

139 4040 265 4123 δισμοῦ
290 4043 460 4126 desisteret3
494 4044 681 4105 Saturionem
706 4050 812 4120 autem,
836 4049 993 4121 postquam
1015 4043 1047 4101 in
1071 4041 1134 4101 loro
1159 4059 1175 4100 a
1197 4038 1317 4099 Dordali

136 4142 281 4220 trapezita
308 4144 438 4221 pretium
467 4141 577 4203 silentii
606 4142 762 4220 acceperit,
785 4158 854 4200 eum
874 4138 933 4200 fitia
957 4147 987 4200 ct
1008 4138 1118 4219 praeda
1142 4137 1261 4198 domum
1284 4155 1317 4197 se

136 4241 299 4318 recepisse.
356 4239 489 4310 Quorum
521 4239 613 4300 multa
641 4238 790 4318 Plautum,
823 4256 898 4316 quae
930 4238 1020 4298 nimis
1050 4235 1162 4296 Graeca
1194 4237 1222 4296 ei
1253 4236 1317 4294 visa

230 4484 255 4551 1)
274 4480 334 4540 Iud.
354 4481 439 4536 schol.
460 4480 535 4536 doce.
557 4480 671 4553 mutilet
689 4499 715 4550 p.
737 4486 816 4548 20sq.
