3275 5192
620 398 864 462 -171-

148 581 218 661 quia
241 581 384 640 nimirum
407 579 438 639 id
460 581 647 659 potissimum
671 579 792 640 Toxilus
816 572 963 660 cupiebat,
985 589 1019 642 ut
1042 583 1136 642 amica
1159 584 1223 643 sine
1244 601 1327 643 mora

148 679 208 740 frui
230 686 334 756 posset
356 696 430 739 neve
453 678 527 739 haec
550 678 743 739 sacrificando
762 686 880 757 tempus
904 686 1024 740 tereret
1070 679 1171 760 ltaque
1190 680 1239 741 hic
1262 700 1327 741 ver·

147 795 200 838 sus
224 777 347 837 minime
370 775 528 837 ollensioni
551 784 604 855 est,
627 778 718 837 immo
741 778 904 855 genuinum
924 795 993 838 eum
1011 795 1077 838 esse
1095 786 1168 856 puto
1187 786 1217 840 et
1230 778 1325 839 Plauti

147 877 269 954 ingenio
294 874 510 953 dignissimum.
555 872 658 954 Neque
682 877 878 953 retractatori,
902 878 1066 955 quiquam
1088 879 1197 938 misere
1217 885 1246 938 et
1264 896 1327 938 ser·

147 973 248 1034 viliter
273 972 425 1033 Plautinas
457 974 619 1034 sententias
650 974 822 1052 repetiverit
852 991 887 1033 ex
920 973 1163 1035 antecedentibus
1190 975 1327 1036 versibus

147 1071 255 1151 elucet,
269 1078 329 1132 tam
343 1089 449 1131 novam
464 1078 494 1132 et
508 1070 687 1150 singularem
703 1073 882 1132 sententiam
896 1073 1113 1151 imputaverim,
1127 1075 1214 1134 cuius
1228 1092 1326 1154 neque

147 1177 235 1230 antea
249 1187 346 1249 neque
360 1175 464 1248 postea
477 1171 587 1230 iterum
601 1170 712 1229 mentio
727 1169 768 1229 tit.
806 1168 844 1229 Ut
857 1172 960 1249 paucis
975 1170 1132 1249 absolvam,
1146 1189 1206 1232 non
1220 1191 1326 1233 versus

146 1263 336 1346 440-448,
359 1275 393 1328 ut
416 1267 557 1346 Langen
581 1275 610 1328 et
634 1269 686 1346 qui
704 1286 772 1328 eum
792 1275 912 1328 secutus
931 1276 985 1346 est,
1008 1267 1165 1349 Seboell,
1188 1270 1242 1331 sed
1260 1289 1325 1331 ver·

146 1384 199 1427 sus
222 1361 401 1426 440-446
424 1372 540 1426 tantum
560 1384 576 1425 a
595 1371 787 1426 retractatore
807 1365 922 1427 additos
941 1384 1008 1427 esse
1026 1385 1202 1446 persuasum
1221 1367 1325 1429 habeo.

145 1462 226 1525 Haec
246 1465 389 1524 statuenti
407 1464 531 1543 vestigia
550 1465 768 1524 retractationis
787 1471 888 1543 aperta
907 1471 992 1525 suut:
1015 1464 1119 1526 ultima
1138 1468 1219 1527 enim
1236 1466 1326 1527 verba

145 1559 269 1622 Dordali
291 1572 359 1622 ante
381 1561 479 1622 locum
503 1562 655 1622 insitivum
675 1569 757 1622 sunt:
781 1567 843 1623 tam
858 1563 937 1640 saxo
958 1565 1010 1624 bic
1028 1567 1089 1624 erit
1107 1557 1212 1648 (439).
1250 1563 1325 1625 Tum

145 1667 292 1720 secuntur
319 1667 432 1739 septem
459 1677 564 1720 versus
592 1658 685 1720 additi
716 1652 942 1745 (440-446).
997 1660 1130 1732 Quorum
1160 1664 1192 1722 iu
1221 1661 1326 1723 ultimo

145 1775 253 1819 rursus
284 1765 400 1818 exstant
426 1756 528 1832 verba:
559 1761 619 1818 tam
650 1759 701 1819 bic
725 1758 805 1835 sacco
829 1761 944 1835 aderat,
974 1761 1064 1820 metri
1088 1761 1202 1820 ratione
1225 1760 1324 1821 habita

144 1855 299 1936 paululum
328 1873 470 1917 conversa
498 1863 528 1916 et
555 1862 679 1933 mutata,
707 1862 736 1916 et
764 1855 801 1917 ad
824 1875 944 1918 versum
970 1857 1169 1937 supplendum
1192 1858 1325 1919 additum

143 1961 205 2016 est:
235 1961 268 2015 at
290 1973 329 2016 ne
345 1958 518 2031 propalam.
564 1954 725 2033 Perspicue
746 1956 840 2033 igitur
863 1954 960 2016 elucet
983 1963 1207 2017 retractatorem
1225 1956 1325 2017 verbis

144 2057 209 2114 iam
230 2054 282 2114 bic
296 2053 375 2127 saco
395 2055 505 2128 aderit,
529 2051 637 2131 quibus
657 2051 693 2112 ab
713 2052 848 2132 exemplo
867 2052 1003 2114 Plautino
1022 2062 1194 2133 recesserat,
1218 2073 1324 2116 rursus

143 2150 181 2212 ad
205 2151 391 2229 propositum
414 2150 512 2211 redire
532 2149 689 2211 admodum
708 2150 829 2230 quidem
851 2150 1007 2229 serviliter,
1030 2152 1083 2212 sed
1103 2153 1216 2213 ratione
1235 2155 1323 2214 mini·

142 2267 192 2310 me
222 2250 298 2308 mira
327 2255 356 2309 et
383 2249 493 2308 misero
523 2251 726 2309 retractatoris
754 2249 874 2328 ingenio
898 2249 1080 2327 dignissima.
1121 2249 1223 2330 ltaque
1255 2270 1323 2312 cum

142 2353 242 2408 totum
274 2364 394 2406 versum
425 2342 490 2406 441
526 2345 662 2406 Toxilum
694 2346 865 2426 loquentem
902 2348 1039 2425 iacimus,
1076 2350 1175 2408 omnia
1211 2353 1322 2428 optime

142 2445 336 2522 conveniunt,
358 2451 392 2504 ut
415 2444 484 2504 inde
508 2463 524 2504 a
546 2461 635 2504 versu
658 2440 723 2504 437
748 2446 791 2505 sic
816 2444 874 2524 legi
897 2444 999 2506 velim:

141 2583 220 2649 437.
436 2585 487 2646 To.
511 2587 632 2647 Nummi
654 2593 786 2648 sescenti
807 2590 860 2650 bic
883 2598 975 2650 eruat

139 2681 220 2747 438.
268 2686 370 2763 Probi,
394 2689 563 2746 numerati:
582 2685 639 2762 sac
660 2691 700 2746 stt
723 2689 834 2747 mulier
854 2690 953 2749 libera

140 2778 219 2844 439.
267 2785 367 2858 Atque
389 2783 450 2842 bae
473 2787 616 2843 continua
641 2786 770 2845 addace.

754 2881 805 2942 Do.
830 2884 897 2944 Iam
917 2884 996 2961 saxo
1019 2885 1162 2945 dicerit.

139 2975 219 3040 441.
267 2978 318 3040 Το.
343 2980 507 3055 Sapienter
528 2997 620 3040 sane:
642 2983 848 3056 supplicatum
872 2999 944 3041 cras
967 2989 1027 3042 eat.

140 3073 220 3139 448.
266 3075 317 3136 Do.
342 3077 392 3138 Ita
415 3079 519 3138 berete
541 3095 621 3138 vero.

754 3173 803 3235 To.
835 3176 914 3235 Dum
937 3183 1000 3236 stas
1023 3179 1156 3237 reditum
1179 3181 1322 3252 oportuit.

234 3315 346 3387 Quodsi
369 3319 410 3378 ita
434 3317 605 3396 scribimus,
633 3336 737 3378 versus
761 3313 826 3378 447
851 3319 1030 3378 sententiam
1053 3335 1158 3378 versus
1181 3313 1247 3377 439
1271 3337 1322 3398 op·

141 3418 216 3477 time
241 3416 350 3494 excipit
374 3423 404 3475 et
426 3414 516 3476 verba
539 3419 683 3476 continua
708 3417 829 3476 addace
847 3403 1034 3494 explicantur
1051 3413 1151 3474 verbis
1168 3418 1322 3491 supplica·

141 3521 207 3574 tam
241 3529 313 3573 cras
344 3520 409 3574 eat:
439 3512 561 3574 Toxilus
594 3512 666 3573 dicit
698 3531 729 3572 se
760 3515 885 3573 amicam
914 3515 1054 3574 continuo
1087 3511 1191 3573 adesse
1224 3530 1321 3592 neque

141 3611 202 3672 diis
227 3611 352 3688 gratiam
375 3610 489 3690 agendo
512 3618 542 3672 et
565 3628 649 3671 sacra
673 3610 808 3671 faciendo
829 3620 948 3690 tempus
965 3611 1092 3690 perdere
1111 3609 1195 3670 velle.
1237 3609 1322 3681 Quod

143 3710 274 3789 denique
298 3708 441 3786 Langen
470 3726 559 3769 versu
586 3704 651 3768 448
683 3707 845 3768 offenditur
875 3708 977 3769 dicens
1000 3707 1136 3769 Toxilum
1167 3709 1231 3769 sine
1261 3707 1322 3768 ullo

141 3810 209 3870 iure
234 3805 394 3867 Dordalum
423 3806 570 3867 tarditatis
600 3824 736 3885 arguere,
767 3824 836 3866 cum
864 3806 986 3867 Toxilus
1013 3809 1078 3887 ipse
1104 3824 1206 3867 morae
1233 3825 1322 3868 causa

140 3909 196 3985 sit,
230 3906 339 3984 quippe
368 3906 418 3983 qui
445 3903 528 3965 illum
557 3922 662 3965 rursus
686 3912 772 3983 atque
796 3905 907 3964 iterum
930 3904 1093 3966 admoneus
1116 3903 1198 3965 abire
1221 3904 1321 3984 probi·

141 4002 220 4083 beat,
244 4002 274 4063 id
297 4001 361 4063 leve
382 4010 412 4062 et
430 4004 518 4063 inane
537 4008 591 4062 est.
629 4001 703 4062 Nam
721 4009 751 4063 et
769 4000 839 4062 talia
857 4001 948 4062 verba
965 4009 999 4063 ut
1018 4005 1090 4063 dam
1107 4009 1171 4064 stas
1189 4005 1321 4064 reditum

139 4105 280 4180 oportuit
302 4102 421 4179 saepius
445 4099 522 4179 apud
544 4098 680 4161 Plautum
704 4099 792 4178 legas,
815 4098 868 4159 ubi
892 4099 1084 4178 significatur,
1107 4098 1236 4180 aliquem
1258 4119 1321 4161 mo·

142 4218 194 4261 rae
218 4199 423 4278 impatientem
446 4200 494 4258 vix
518 4205 636 4277 tempus
660 4204 833 4277 exspectare
851 4215 948 4276 posse,
973 4196 1043 4257 dum
1062 4195 1141 4276 quod
1159 4196 1231 4258 velit
1252 4217 1321 4276 per·

142 4297 255 4359 tectum
285 4298 337 4375 sit,
368 4303 398 4357 et
420 4295 541 4356 Toxilus
571 4297 643 4357 satis
667 4314 807 4375 arrogans
831 4302 861 4355 et
884 4294 1016 4357 insoleus
1039 4302 1097 4374 est,
1126 4297 1177 4374 qui
1200 4313 1321 4356 causam

140 4394 292 4456 tarditatis
319 4411 379 4455 non
407 4393 478 4473 sibi,
506 4401 539 4454 ut
567 4412 705 4479 aequum,
722 4400 798 4472 erat,
826 4393 879 4454 sed
901 4392 1027 4454 Dordalo
1055 4391 1189 4453 subiciat
1244 4391 1320 4453 lllud

141 4510 262 4572 quoque
291 4499 393 4552 contra
421 4490 636 4570 Langeuum,
667 4493 718 4571 qui
747 4512 773 4552 v.
796 4487 863 4552 439
894 4491 984 4552 finem
1014 4507 1120 4552 scenae
1151 4507 1218 4550 esse
1247 4490 1320 4568 vult,
