3275 5192
342 343 422 358 tur·
681 335 722 344 ⁴'

530 357 723 422 ··‘³·····‘·
883 384 947 449 146

428 432 436 446 ο
507 417 720 467 (’,’;;ςὲ,1’
793 423 835 429 -
993 423 1036 431 ’-

747 503 757 518 0

290 541 504 644 5991119111ζῶ
522 540 792 650 Jsuamjpiriarct,
825 565 1100 628 Wiiamowitzio
1128 575 1249 628 auctore
1279 566 1424 629 adductus
1451 578 1507 647 est,

325 665 374 724 cui
401 663 488 742 plane
519 665 680 724 assentitur
707 664 820 742 ineis,
847 667 979 743 quaein
1001 663 1062 726 ind.
1087 665 1178 726 schot
1202 664 1279 726 Gott.
1304 661 1445 746 1893s94
1469 664 1507 727 de

325 759 428 822 eadem
448 760 544 822 tabula
564 763 709 840 exposuit.
742 761 845 841 quue
863 764 959 841 magis
976 764 1102 824 miratus
1122 781 1188 824 sum
1207 765 1383 824 sententiam
1398 764 1505 824 horum

326 861 459 920 virorum
480 857 643 938 doctorum,
668 861 719 939 qui
738 861 844 938 viginti
863 858 1030 921 tabularum
1049 868 1223 940 argumenta
1242 879 1278 922 ex
1297 881 1370 923 nora
1389 881 1506 924 comoe-

325 957 385 1037 dia,
414 959 505 1018 unius
535 963 651 1018 tantum
681 976 717 1018 ex
745 955 843 1018 media
870 959 962 1036 petita
990 977 1057 1020 esse
1080 966 1217 1038 censent,
1249 958 1329 1039 quod
1351 960 1424 1021 haec
1445 979 1506 1021 una

323 1054 420 1116 tabula
447 1073 521 1135 non,
549 1054 580 1116 id
610 1054 690 1135 quod
717 1057 816 1135 potius
845 1064 1102 1136 exspectaveram,
1123 1056 1313 1135 Amphitruo,
1338 1056 1391 1118 sed
1413 1057 1505 1119 Persa

325 1161 385 1232 est,
420 1171 495 1233 quae
523 1151 655 1214 indolem
685 1172 776 1214 novae
805 1152 976 1215 comoediae
1003 1172 1075 1233 prae
1103 1173 1136 1215 se
1165 1155 1224 1214 tert
1252 1172 1340 1233 quam
1368 1157 1506 1217 maxime.

324 1250 406 1322 Quae
430 1269 480 1312 res
503 1270 571 1312 cum
596 1254 669 1312 satis
692 1253 768 1312 mira
790 1252 865 1312 mihi
892 1250 1058 1332 rideretur,
1087 1250 1184 1313 denuo
1207 1254 1239 1312 in
1262 1271 1327 1313 eam
1350 1255 1506 1332 inquirere

324 1349 399 1410 mihi
417 1351 569 1429 proposui.
608 1348 667 1410 Sed
685 1349 733 1410 his
752 1368 821 1410 cum
839 1349 1054 1429 praemittenda
1074 1369 1140 1411 esse
1158 1358 1304 1430 putarem,
1323 1369 1399 1430 quae
1418 1370 1505 1431 prae·

324 1457 406 1532 terea
422 1446 458 1508 de
471 1447 562 1508 Persa
577 1447 740 1527 observari,
759 1456 870 1526 totam
889 1446 1252 1510 dissertatiuncuiam
1272 1451 1324 1510 ita
1343 1451 1505 1527 institui,

322 1554 374 1628 ut,
390 1547 544 1624 primum
567 1544 710 1625 quidem
739 1545 779 1606 19
804 1549 1083 1626 compositione,
1107 1545 1236 1608 deinde
1261 1544 1302 1607 de
1326 1554 1505 1608 retracta·

320 1645 434 1742 tione,
463 1642 620 1722 denique
648 1642 688 1704 19
716 1652 877 1722 tempore
910 1644 1128 1724 exemplaris
1157 1643 1286 1706 Graeci
1315 1643 1502 1706 dissererem.

662 1850 678 1918 1
710 1851 755 1918 De
779 1853 1011 1937 compositione
1033 1854 1159 1920 Persae.

411 1998 431 2076 ξ
459 1996 486 2060 1.
533 1986 642 2060 Persae
666 2008 929 2080 argumentum,
952 2019 1130 2081 quamquam
1153 2003 1213 2062 iam
1232 2020 1249 2062 9
1267 2001 1428 2080 prioribus,
1450 2004 1505 2081 qui

321 2097 465 2158 19111999
486 2096 615 2159 tabulam
634 2095 793 2159 ediderunt
811 2097 859 2158 rei
878 2097 966 2159 1999
986 2109 1120 2178 egerrmt,
1139 2106 1310 2160 enarratum
1329 2107 1383 2178 est,
1404 2107 1504 2160 tamen

320 2196 378 2256 hoc
406 2195 471 2256 loco
499 2198 596 2257 omitti
624 2214 684 2256 non
711 2204 823 2275 potest,
851 2215 919 2257 cum
946 2215 1022 2276 quae
1053 2204 1196 2258 secuntur
1224 2199 1413 2277 quaestiones
1440 2215 1504 2257 ma·

321 2311 411 2372 gnam
437 2301 553 2374 partem
582 2280 619 2354 91
646 2295 745 2373 ipsum
774 2302 982 2374 argumentum
1000 2296 1178 2374 pertineant
1224 2294 1320 2356 Simul
1343 2303 1442 2356 autem
1466 2313 1503 2356 ex

321 2389 425 2452 codem
453 2399 629 2472 argumento
657 2400 794 2453 enarrato
823 2392 977 2472 apparebit
1002 2392 1124 2454 Persam
1147 2411 1207 2453 non
1231 2400 1275 2454 tot
1297 2395 1505 2472 repugnantiis

321 2497 445 2569 scatere,
468 2498 540 2570 quot
559 2509 626 2550 cum
646 2489 712 2550 aliis
735 2498 798 2551 tum
817 2492 945 2551 maxime
959 2485 1194 2574 lsendijk101)
1216 2493 1362 2552 actionem
1381 2491 1504 2552 turbare

320 2588 401 2649 visae
425 2598 502 2650 suut.

410 2683 466 2747 11.
504 2685 653 2747 Toxilus
681 2705 785 2748 servus
813 2691 903 2747 etex
927 2686 1018 2747 911919
1041 2694 1126 2766 parte
1150 2687 1368 2766 Sagaristio,
1397 2706 1504 2749 servus

321 2802 337 2844 e
360 2785 467 2844 vicinia
486 2783 641 2863 Toxilique
665 2785 791 2863 amicuS,
818 2786 852 2844 in
875 2802 995 2845 scenam
1017 2783 1180 2866 prodeunt3
1212 2787 1309 2864 primo
1333 2785 1407 2847 91191
1430 2786 1504 2846 9119·

320 2871 388 2942 rum
418 2899 478 2941 non
509 2880 748 2942 animadvertens
778 2881 828 2942 1119
858 2889 969 2942 sortem
1000 2884 1065 2943 eius
1088 2891 1225 2963 questus,
1255 2885 1307 2963 qui
1335 2892 1505 2964 pauperet

320 2997 412 3059 egeus
436 2998 535 3040 amore
560 2987 664 3058 captus
688 2981 742 3059 sit,
772 2998 804 3040 99
829 2981 927 3058 ipsum
951 2979 1040 3041 talem
1063 2983 1207 3042 miserum
1231 2999 1298 3043 9999
1320 2984 1505 3060 pmuuntiat,

320 3096 389 3138 cum
413 3084 568 3157 argentum
592 3085 729 3139 mutuum
753 3070 885 3161 (scilicet
911 3076 947 3138 ad
974 3081 1098 3141 amicam
1122 3074 1342 3164 redimendam)
1366 3082 1504 3157 accipere

319 3194 380 3236 non
409 3177 517 3255 possit,
546 3176 596 3236 hic
626 3194 719 3254 pauca
749 3175 841 3236 rerba
872 3175 908 3236 de
939 3177 1045 3238 officiis
1075 3180 1154 3239 servi
1182 3179 1261 3257 frugi
1287 3175 1387 3256 perdit
1409 3192 1501 3251 seque

318 3273 384 3353 ipso
413 3292 497 3334 erum
528 3292 615 3334 suum
644 3273 725 3335 nullo
753 3273 841 3335 modo
869 3293 972 3336 991919
1002 3294 1090 3355 posse
1114 3274 1194 3336 dicit
1239 3275 1398 3352 Postquam
1420 3273 1505 3330 inter

320 3389 353 3432 99
377 3378 597 3450 conspexerunt
621 3381 651 3432 et
673 3371 860 3433 familiariter
879 3372 1089 3452 salutaverunt,
1112 3370 1233 3432 Toxilus
1252 3368 1403 3430 nonnuliis
1426 3367 1503 3427 iocis

320 3475 503 3548 spectatores
522 3468 690 3530 oblectandi
709 3472 802 3549 gratia
822 3470 908 3530 factis
926 3471 982 3531 hoc
998 3470 1046 3531 119
1059 3468 1135 3530 illud
1148 3471 1180 3528 in
1195 3485 1311 3529 summo
1327 3464 1502 3525 discrimine

320 3585 385 3628 esse
414 3566 499 3647 dicit,
528 3587 620 3629 suane
649 3571 742 3629 amica
770 3567 865 3628 libera
893 3569 992 3629 iutura
1020 3586 1056 3627 an
1085 3566 1296 3643 sempiternam
1324 3564 1502 3623 servitutem

320 3667 467 3726 servitura
496 3667 542 3728 sit.
588 3666 691 3746 ltaque
722 3665 757 3727 ab
788 3667 884 3726 amico
913 3667 1001 3743 petit,
1030 3673 1065 3724 ut
1092 3661 1150 3722 sibi
1178 3666 1331 3721 sescentos
1361 3677 1501 3720 nummos

318 3757 471 3848 mutuos²)
496 3763 558 3844 det,
587 3763 695 3843 quibus
723 3783 787 3824 eam
811 3761 959 3823 redimere
983 3763 1085 3840 possit
1131 3759 1292 3837 Sagaristio
1320 3775 1501 3837 quamquam

318 3863 415 3940 primo
438 3861 621 3940 impudentis
645 3880 711 3922 9999
734 3860 814 3938 dicit,
838 3858 918 3939 quod
936 3866 1050 3919 tantum
1068 3858 1213 3937 pecuniae
1233 3854 1291 3916 sihi
1308 3857 1340 3915 in
1358 3862 1501 3934 promptu

319 3977 385 4020 9999
417 3962 601 4039 suspicetur,
631 3966 731 4019 tamen
762 3956 866 4018 sedulo
894 3974 926 4017 se
955 3957 1160 4035 quaesiturum
1189 3971 1255 4015 esse
1277 3953 1447 4033 pollicetur,
1471 3944 1500 4012 si

319 4059 387 4137 quis
410 4067 566 4136 argentum
591 4056 648 4118 sibi
667 4054 776 4116 919191
818 4054 914 4133 Atque
938 4052 1010 4114 adeo
1029 4052 1150 4114 Toxilus
1174 4053 1269 4112 amico
1292 4051 1382 4112 fidem
1399 4050 1500 4129 habet,

317 4164 351 4216 ut
378 4157 437 4216 iam
464 4155 521 4215 hoc
548 4155 696 4233 promisso
724 4153 797 4212 fisus
826 4158 981 4230 argentum
1009 4150 1068 4212 sibi
1095 4169 1112 4210 a
1135 4149 1335 4229 Sagaristione
1361 4155 1496 4229 paratum

317 4255 357 4316 iri
384 4260 464 4316 certe
493 4259 594 4331 speret
621 4242 674 4333 (91.
697 4267 803 4327 nempe
825 4252 923 4311 119199
947 4254 978 4311 in
997 4242 1162 4333 mundo).)
1204 4246 1317 4308 Deinde
1339 4257 1500 4325 postquam

409 4426 435 4493 1)
453 4423 496 4479 De
514 4423 544 4478 Τ.
564 4421 655 4477 Macci
672 4421 768 4476 Plauti
786 4421 881 4489 Persa,
899 4420 965 4476 1199.
984 4411 1080 4492 inaug.
1101 4419 1231 4491 (Traiect.
1251 4419 1289 4471 91
1302 4417 1391 4472 Rhen.
1408 4417 1499 4485 1884).

333 4584 336 4588 ἠ
407 4501 975 4588 2)(11.1111991199.ρ.1149191112.
1085 4499 1172 4571 8)‚Cf.
1190 4519 1219 4569 p.
1240 4504 1300 4552 111.
