3275 5192
619 350 662 421 -’
711 375 774 441 185
822 412 863 421 -

147 561 245 638 enim,
274 576 332 638 quo
360 559 426 618 iure
450 557 499 618 ille
522 559 569 618 vir
592 557 696 618 doctus
719 559 779 618 nisi
802 575 902 618 merae
926 559 1113 618 coniecturae
1136 552 1329 642 indulgens1)

147 656 331 719 contendere
358 657 453 735 possit
480 654 699 717 Timarchidem
726 656 937 716 Atheniensem
970 655 1151 734 expeditioni
1181 657 1329 717 interesse

147 775 164 816 a
190 773 274 834 rege
297 754 488 816 Persarum
511 755 542 814 in
565 753 702 815 Arabiam
730 762 894 833 susceptae.
940 752 1043 833 Neque
1076 755 1156 814 enim
1187 753 1246 815 ulla
1280 773 1330 816 res

148 862 201 915 aut
218 853 296 915 ullus
311 869 416 914 versus
435 853 526 914 totins
540 852 648 914 Persae
663 853 710 913 ius
724 860 937 932 potestatemve
953 851 1003 912 dat
1016 851 1212 913 concludendi
1227 870 1328 931 regem

146 950 308 1013 Persarum
331 950 411 1012 illam
435 950 654 1030 expeditionem
678 951 856 1029 suscepisse.
902 950 1012 1010 Versus
1036 950 1098 1028 ille,
1126 952 1178 1029 qni
1201 953 1329 1011 maxime

147 1047 188 1109 ad
213 1049 290 1112 hanc
319 1066 383 1110 rem
410 1051 553 1129 pertinet,
580 1049 612 1109 in
640 1047 766 1127 epistula
798 1049 980 1126 continetur,
1012 1067 1102 1128 quam
1124 1048 1331 1110 Timarchides

147 1146 253 1208 Toxilo
277 1147 434 1225 scripsisse
458 1147 589 1225 fingitur,
612 1145 664 1207 uhi
687 1147 732 1206 sic
755 1154 801 1206 est
825 1139 934 1230 (506):

337 1334 543 1411 Chrysopolim
568 1335 682 1395 Persae
706 1352 813 1412 cepere
837 1336 942 1394 urbem
965 1338 997 1394 in
1021 1336 1149 1395 Arahtu.

146 1521 213 1584 Rex
235 1521 394 1583 Persarum
417 1538 514 1600 neque
537 1521 594 1580 hoc
617 1519 682 1581 loco
706 1539 802 1601 neque
826 1539 953 1600 usquam
977 1520 1047 1581 alibi
1071 1529 1330 1602 commemoratur,

148 1620 204 1681 sed
224 1617 371 1699 „Persae“
394 1617 589 1699 Chrysopolin
613 1621 729 1699 cepisse
754 1619 904 1699 dicuntur,
927 1627 958 1680 et
980 1638 1014 1679 ea
1038 1621 1160 1698 ratione,
1185 1639 1241 1699 qua
1260 1620 1330 1681 Leo

146 1719 256 1796 utitur,
289 1736 357 1778 cum
386 1716 464 1777 dicat
491 1716 576 1777 illum
602 1735 723 1778 versum
750 1717 825 1778 nihil
853 1717 934 1778 alind
960 1735 1048 1797 posse
1079 1719 1246 1797 significare
1270 1719 1330 1780 nisi

147 1813 304 1895 βασιλεὺς
328 1816 463 1876 καθεῖλε
483 1813 697 1896 Χρυσόπολιν
720 1821 778 1896 τῆς
795 1811 955 1896 Ἀραβίοις,
978 1817 1119 1876 nimirum
1138 1818 1183 1876 vis
1202 1817 1332 1878 infertur

148 1915 310 1974 memoriae
344 1913 482 1992 traditae,
516 1931 584 1974 cum
616 1914 718 1973 mitior
749 1931 804 1972 vox
835 1898 909 1972 mihi
936 1931 996 1973 non
1026 1921 1171 1993 suppetat
1217 1914 1330 1985 Quodsi

145 2010 297 2092 quomodo
320 2012 351 2072 in
376 2011 511 2091 exemplo
535 2010 646 2071 Graeco
670 2011 719 2071 hic
742 2029 847 2072 versus
871 2013 1001 2090 scriptus
1028 2011 1119 2072 fuerit
1141 2018 1257 2073 vertere
1280 2032 1331 2074 vo-

146 2109 261 2189 iamne,
286 2128 346 2170 non
369 2109 514 2170 hahemus
538 2127 593 2170 cnr
616 2109 702 2170 aliter
725 2117 876 2172 vertamus
898 2110 958 2170 nisi
981 2111 1037 2170 sic:
1062 2104 1190 2191 Πέρσαι
1215 2113 1330 2172 καθεῖ-

148 2210 212 2270 λον
226 2206 442 2288 Χρυσόπολιν
460 2214 518 2287 τῆς
532 2202 690 2289 Ἀραβίοις.
727 2206 789 2269 lam
807 2206 1005 2268 Hnelinero
1027 2208 1203 2286 „offensioni
1224 2209 1330 2289 luerat,

147 2305 228 2386 quod
252 2312 395 2366 nontam
425 2323 477 2366 rex
500 2305 659 2366 Persarum
687 2324 775 2385 quam
799 2305 907 2366 Persae
935 2305 1047 2366 hellare
1076 2305 1228 2384 dicuntur,
1261 2326 1329 2368 cnm

147 2403 281 2465 Graecus
309 2422 396 2464 nemo
424 2422 555 2483 unquam
584 2403 700 2464 locutus
731 2405 769 2464 sit
794 2403 830 2464 de
853 2403 1013 2465 Persarum
1040 2422 1143 2464 verum
1172 2403 1208 2465 de
1235 2403 1339 2484 βασιέ

147 2499 232 2575 λέως
259 2500 473 2582 expeditione“.
520 2501 599 2562 Haec
628 2520 676 2563 res
709 2503 768 2562 iam
801 2501 949 2563 tironibus
981 2510 1050 2563 nota
1083 2509 1140 2582 est,
1173 2509 1205 2563 ut
1239 2521 1329 2582 opera

147 2600 284 2680 exempla
309 2600 451 2662 afferendi
476 2599 672 2681 supersedere
695 2601 816 2679 possim.
856 2600 940 2662 Licet
963 2602 1055 2680 igitur
1078 2601 1197 2663 allicere
1221 2601 1331 2662 Persae

147 2698 318 2778 exemplum
338 2697 484 2760 Graecum
506 2716 566 2759 non
591 2700 752 2778 superstite
776 2717 868 2777 regno
886 2699 1047 2760 Persarum
1069 2717 1173 2760 verum
1197 2717 1231 2760 eo
1254 2706 1330 2760 tem·

146 2815 221 2878 pore
250 2798 447 2873 compositum
476 2814 557 2875 esse,
585 2815 642 2876 quo
674 2814 733 2857 non
761 2799 821 2857 iam
848 2795 1006 2877 βασιλεύς
1035 2798 1104 2877 luit,
1132 2797 1163 2858 id
1186 2805 1232 2858 est
1255 2806 1330 2858 tem·

147 2893 273 2974 poribus
296 2911 388 2953 novae
417 2893 595 2954 comoediae.
642 2894 683 2954 hc
711 2912 749 2954 ne
777 2894 851 2955 illud
880 2895 1013 2974 quidem,
1045 2895 1126 2974 quod
1152 2893 1331 2956 Hueliner

149 2999 255 3054 contra
279 2991 359 3070 dicit,
381 2990 472 3052 ullius
490 2993 634 3052 momenti
654 2999 707 3051 est.
731 2991 810 3052 Dicit
824 2995 903 3052 enim
924 3011 955 3052 se
974 2995 1091 3052 nescire
1110 3010 1148 3052 an
1167 2995 1197 3052 in
1217 2991 1330 3053 Graeca

148 3089 249 3152 lahula
279 3083 440 3168 βασιλέως
471 3090 570 3168 potius
603 3087 753 3168 expeditio
786 3107 875 3168 quam
907 3088 1066 3153 Persarum
1102 3099 1330 3153 commemorata

146 3185 253 3265 luerit,
273 3188 397 3250 iortasse
421 3188 501 3266 regis
523 3187 619 3266 ipsius
643 3185 741 3247 addito
765 3188 899 3268 nomine3
928 3205 982 3266 pro
1007 3207 1065 3267 quo
1089 3187 1237 3266 Plautum,
1261 3207 1329 3249 cum

147 3285 240 3346 Persa
268 3285 388 3366 quidam
416 3287 447 3345 in
475 3284 610 3363 exemplo
639 3302 692 3344 suo
720 3283 861 3345 inductus
890 3285 980 3345 luerit
1008 3305 1042 3346 ex
1071 3286 1172 3347 Persia
1199 3286 1330 3348 Athenas

147 3383 315 3464 proiectus,
347 3383 433 3445 lacile
466 3401 521 3444 nos
552 3391 657 3462 putare
689 3399 778 3460 posse
807 3381 998 3443 substituisse
1026 3401 1134 3444 nomen
1161 3383 1330 3446 Persarum.

148 3480 231 3552 Quae
259 3483 429 3543 coniectura
456 3479 531 3542 nihil
559 3479 644 3541 valet.
690 3478 768 3550 Quid
795 3482 876 3540 enim
903 3479 1070 3560 impedivit,
1103 3500 1225 3560 quaeso,
1257 3501 1330 3561 quo·

148 3580 258 3658 minus,
287 3581 313 3639 si
339 3576 497 3659 βασιλεύς
528 3581 560 3640 in
589 3577 723 3658 exemplo
753 3577 865 3639 Graeco
893 3579 1019 3658 exstitit,
1051 3599 1068 3640 a
1094 3579 1197 3642 Plauto
1226 3580 1329 3641 Latine

150 3684 341 3738 convertente
364 3694 420 3757 pro
444 3674 600 3758 βασιλεύς
630 3695 681 3738 rex
704 3675 866 3738 Persarum
892 3675 1077 3757 poneretur?
1122 3679 1163 3739 hc
1190 3696 1228 3739 ne
1255 3677 1329 3739 illnd

149 3773 272 3854 quidem
294 3775 456 3837 verisimile
480 3782 526 3836 est
545 3775 680 3836 Plautum
705 3793 814 3836 nomen
839 3776 918 3855 regis
937 3777 1082 3855 omisisse,
1101 3795 1170 3837 cnm
1188 3776 1245 3837 alio
1264 3776 1331 3838 loco

151 3865 230 3956 (hul.
251 3867 308 3956 86)
332 3872 454 3934 Darium
478 3891 579 3951 regem
602 3873 760 3934 Persarum
784 3875 938 3935 nominare
961 3892 1020 3934 non
1041 3873 1163 3936 dubitet
1197 3873 1255 3934 Sed
1273 3875 1330 3935 hac

148 3955 239 4050 opera
262 3970 411 4032 refutandi
435 3989 482 4050 ea,
516 3989 591 4050 qnae
619 3973 650 4032 in
674 3971 809 4051 exemplo
837 3973 962 4033 sortasse
990 3973 1139 4033 exstitisse
1167 3974 1331 4052 potuerint,

149 4066 347 4148 supersedere
374 4087 506 4148 possum.
551 4068 676 4130 Retineo
705 4087 739 4130 ea
772 4088 847 4150 qnae
879 4069 949 4130 libri
982 4069 1121 4131 exhibent
1154 4078 1184 4131 et
1215 4088 1252 4130 ex
1284 4089 1330 4150 ec,

149 4165 229 4245 quod
252 4185 312 4226 non
335 4173 395 4227 tam
418 4184 472 4227 rex
494 4166 654 4228 Persarum
678 4186 766 4247 qnam
789 4167 898 4229 Persae
921 4169 1120 4248 nominantur,
1150 4185 1329 4247 quamquam

241 4420 268 4487 1)
287 4416 437 4472 Concludit
456 4419 540 4486 enim,
559 4435 623 4472 cum
638 4418 785 4472 Persarum
805 4417 948 4488 expeditio
966 4406 1206 4487 commemoretur,
1226 4418 1260 4473 do
1279 4420 1330 4490 βα-

147 4494 245 4560 σιλέως
263 4498 443 4568 expeditione
462 4498 646 4568 cogitandum
665 4512 732 4552 esso.
