3275 5192
619 384 864 449 -189-

149 565 388 648 Wilamowitz·
405 586 432 626 v.
458 563 521 628 160
544 569 643 627 minus
667 574 748 627 recte
771 568 985 645 interpretatus
1008 567 1056 626 sit
1102 565 1224 627 Constat
1247 567 1327 626 enim

148 662 260 724 Romae
283 662 393 725 liberae
418 664 538 744 quidem
562 666 607 725 rei
629 663 766 744 publicae
794 671 890 725 aetate
913 663 1054 724 horreum
1076 664 1209 742 choragii
1231 662 1327 742 publi-

149 780 218 822 cum
242 779 302 822 non
321 762 422 840 luisse,
445 769 480 822 ut
498 765 696 842 magistratus,
721 764 772 842 qui
790 760 869 823 ludis
888 769 1053 842 praeerant,
1075 763 1191 841 privato
1214 762 1327 822 homini

149 861 302 938 negotium
335 859 452 939 darent,
485 863 536 940 qui
564 867 737 922 ornamenta
766 868 795 921 el
827 862 1026 921 instrumenta
1054 863 1173 920 scenica
1201 867 1327 921 curaret.

148 957 208 1028 Qui
236 958 381 1036 choragus
411 958 507 1019 dictus
536 958 633 1020 edicto
662 957 803 1019 aedilium
832 966 1005 1019 ornamenta
1033 958 1099 1018 aliis
1126 960 1262 1038 personis
1286 957 1328 1018 lo·

149 1073 219 1116 care
243 1054 346 1117 debuit
369 1048 428 1138 (sic
452 1059 532 1118 enim
555 1055 694 1135 intellego
718 1055 792 1117 illud
815 1059 894 1118 dare
917 1058 1019 1117 debet:
1035 1059 1220 1132 praebenda
1243 1059 1327 1118 aedi·

148 1157 195 1214 ies
216 1157 418 1228 locauerunt).
465 1154 604 1216 Ceterum
628 1155 788 1233 choragum
811 1172 871 1215 nou
894 1152 973 1214 idem
997 1172 1064 1214 esse
1088 1162 1175 1234 atoue
1198 1154 1328 1215 Atticum

148 1250 305 1332 χορηγόν,
329 1251 382 1312 scd
406 1253 516 1331 optime
541 1253 722 1332 respondere
747 1250 860 1312 Graeco
885 1248 1110 1334 ipaeaoplodp,
1134 1255 1183 1313 vix
1206 1260 1251 1313 est
1275 1271 1329 1313 cur

150 1367 296 1410 moneam.
342 1349 380 1409 Et
402 1349 537 1411 Plautum
561 1351 722 1429 choragum
740 1368 800 1411 non
824 1368 879 1428 pro
899 1347 1011 1410 Graeco
1029 1355 1161 1434 χορηγῷ
1185 1349 1327 1412 vertendo

150 1449 295 1526 posuisse,
319 1450 378 1508 iam
400 1446 451 1508 ille
475 1447 642 1508 Trinummi
664 1446 748 1508 locus
768 1440 864 1531 (857)
885 1447 978 1525 docet,
1002 1467 1090 1527 mam
1114 1449 1242 1510 fabulam
1261 1467 1328 1509 esse

151 1545 359 1606 Thensaurum
378 1545 566 1624 Philemonis,
591 1547 676 1607 cuius
701 1553 796 1606 aetate
820 1545 942 1624 choragi
960 1547 1145 1626 agonothetis
1165 1555 1329 1624 cesserunt,

150 1645 216 1721 ipse
244 1650 330 1722 poeta
358 1645 389 1704 in
415 1644 537 1723 prologo
566 1645 737 1724 confitetur,
765 1644 903 1722 idemque
932 1642 1072 1705 Curculio
1101 1637 1210 1727 (464),
1240 1664 1329 1725 quam

151 1740 328 1802 Hueliner
352 1741 388 1802 ad
411 1760 503 1803 novae
528 1741 697 1803 comoediae
722 1741 890 1821 exemplum
915 1745 1070 1803 revocavit
1117 1743 1218 1823 ltaque
1237 1745 1329 1822 siqui·

151 1839 220 1899 dem
243 1839 378 1900 Plautum
403 1841 434 1900 in
457 1839 547 1900 Persa
571 1841 730 1918 choragum
758 1858 813 1919 pro
838 1858 908 1899 voce
932 1838 1043 1900 Graeca
1068 1839 1171 1900 eadem
1192 1842 1329 1919 posuisse

152 1945 241 2016 atque
264 1939 296 1998 in
319 1937 493 1999 Trinummo
517 1945 547 1998 el
571 1937 748 1999 Curcuhone
772 1944 934 2016 constaret,
958 1956 1007 1998 res
1031 1938 1164 1999 coniecta
1188 1946 1217 1999 et
1239 1939 1330 1999 Persa

152 2053 245 2095 novae
269 2034 439 2096 comoediae
464 2045 551 2096 esset.
598 2025 658 2096 Sed
684 2044 717 2096 ut
745 2038 804 2095 iam
833 2034 893 2095 dixi
916 2037 1007 2095 nimis
1030 2038 1177 2097 incertum
1201 2045 1254 2114 est,
1277 2036 1331 2103 ubi

153 2132 190 2193 de
217 2132 308 2194 rebus
331 2133 471 2194 Romanis
499 2135 609 2212 agitur,
640 2152 783 2213 quaerere
811 2131 858 2193 vel
887 2135 1037 2211 conicere,
1064 2133 1135 2212 quid
1162 2136 1193 2194 in
1217 2133 1329 2195 Graeco

151 2229 288 2310 exemplo
311 2233 465 2292 exstiterit

242 2328 397 2390 Simillima
428 2338 473 2390 est
503 2332 577 2390 ratio
607 2348 747 2390 versuum
778 2325 843 2390 339
874 2336 904 2390 et
926 2325 1005 2408 340,
1035 2330 1087 2390 uhi
1116 2329 1270 2410 Philippus
1302 2341 1332 2392 et

152 2425 267 2487 Attalus
287 2435 565 2505 commemorantur,
585 2446 671 2506 reges
689 2427 786 2488 Plauti
805 2428 910 2488 aetatis
929 2429 1086 2512 notissimi,
1110 2448 1236 2508 quorum
1256 2427 1332 2491 aller

151 2523 292 2586 Romanis
312 2524 408 2586 fidelis
428 2532 491 2584 erat
509 2527 617 2606 socius,
637 2526 711 2586 alter
730 2526 825 2586 ethis
845 2533 875 2585 et
892 2525 936 2585 illi
950 2527 1184 2588 inimicissimus.
1222 2526 1331 2598 Quam·

153 2641 244 2701 quam
267 2641 304 2683 ne
326 2623 376 2683 hic
399 2623 520 2702 quidem
544 2625 690 2703 suspicari
712 2642 880 2703 possumus,
905 2623 976 2702 quid
998 2625 1164 2704 exemplum
1185 2624 1331 2685 Graecum

154 2720 335 2797 exhibuerit,
366 2728 465 2782 tamen
495 2721 655 2782 verisimile
687 2722 762 2782 mihi
789 2739 856 2782 esse
886 2721 1004 2783 videtur
1035 2731 1152 2803 poetam
1185 2722 1330 2784 Graecum

155 2816 213 2878 duo
237 2837 273 2878 ex
296 2817 455 2880 Alexandri
482 2822 582 2898 magni
610 2819 834 2881 successoribus
863 2822 1041 2898 nominasse,
1067 2839 1141 2899 quos
1165 2839 1240 2880 anno
1264 2817 1330 2882 306

139 2933 241 3002 ,reges
265 2916 357 2977 iactos
381 2936 448 2978 esse
471 2924 599 2996 constat,
623 2936 808 2997 quorumque
828 2920 859 2978 in
879 2918 1059 2979 exercitibus
1078 2921 1220 2979 nimbum
1238 2916 1331 2980 multo

116 3045 123 3050 ·
154 3013 255 3093 plures
271 3012 376 3075 Graeci
395 3016 540 3094 stipendia
560 3026 736 3076 meruerunt
754 3035 843 3094 quam
857 3014 1005 3094 quondam
1019 3017 1051 3075 iu
1066 3015 1194 3094 Philippi
1208 3015 1331 3076 Alexan·

156 3111 201 3172 dri
223 3114 326 3191 patris,
349 3120 383 3173 nt
405 3115 470 3174 inre
495 3133 598 3174 eorum
622 3133 710 3175 causa
734 3114 842 3193 aliquis
865 3115 967 3174 venire
991 3113 1050 3174 dici
1073 3122 1182 3193 posset.

243 3209 319 3271 Tum
342 3229 446 3272 versus
470 3207 536 3272 394
560 3218 589 3272 et
613 3208 686 3288 395,
711 3215 763 3291 qui
786 3212 938 3290 leguntur:

315 3355 479 3415 Dabuntur
503 3356 583 3415 dotis
606 3358 662 3416 tibi
684 3358 756 3416 inde
777 3359 910 3416 sescenti
932 3359 1012 3430 lagei

314 3455 414 3528 Atque
437 3454 533 3514 Attici
556 3470 674 3514 omues:
697 3457 812 3514 uultum
838 3455 973 3514 Siculum
996 3458 1156 3531 acceperis

156 3599 284 3683 Philippi
314 3603 472 3665 Alexandri
504 3607 598 3684 patris
631 3604 815 3684 temporibus
844 3606 944 3684 potius
976 3623 1064 3684 quam
1094 3607 1182 3666 tertio
1216 3606 1333 3667 sacculo

156 3703 314 3760 convenire
336 3701 569 3762 Wilamouitz
593 3710 685 3780 putat,
708 3704 778 3782 quia
799 3701 969 3782 Philippum
991 3702 1145 3782 „logorum
1169 3706 1334 3764 Atticorum

156 3795 359 3857 collectionem
392 3799 501 3858 talento
530 3801 638 3860 emisse
666 3799 757 3860 tradit
786 3799 989 3879 Telephanes“
1021 3794 1115 3884 (apud
1142 3802 1246 3863 Athen.
1271 3801 1334 3862 XIV

156 3889 222 3955 614
245 3885 285 3975 e).
341 3893 452 3954 lniuria
485 3897 581 3956 virum
615 3897 820 3957 doctissimum
853 3917 889 3958 ex
921 3898 976 3959 hac
1008 3899 1150 3960 Athenaei
1183 3903 1334 3961 mentione

157 3988 334 4051 concludere
352 3988 436 4050 illum
455 3991 563 4053 Persae
583 3992 678 4054 locum
702 3994 739 4054 ad
757 3993 887 4074 Philippi
911 4003 1037 4058 aetatem
1056 3996 1247 4058 referendum
1267 4016 1334 4058 esse

157 4093 280 4167 apparet
298 4106 333 4148 ex
352 4089 404 4167 eis,
429 4107 504 4168 quae
523 4089 799 4152 Pseudo-Asconius
818 4095 850 4152 in
869 4092 1023 4155 Ciceronis
1043 4094 1231 4157 divinationis
1250 4115 1334 4176 para·

157 4186 302 4265 graphum
323 4181 365 4246 39
390 4186 483 4247 affert.
529 4187 573 4247 Ad
596 4185 748 4249 Ciceronis
772 4192 853 4250 enim
878 4191 968 4252 verba
991 4195 1033 4266 (st
1054 4197 1174 4254 litteras
1200 4196 1336 4256 Graecas

158 4286 295 4359 Athenis,
319 4303 379 4345 uou
403 4286 555 4364 Lilybaei,
586 4286 715 4347 Latinas
738 4288 863 4362 Romae,
887 4307 946 4350 nou
971 4295 1003 4350 iu
1028 4292 1136 4351 Sicilia
1160 4273 1334 4367 didicisses)

158 4380 231 4442 haec
245 4381 377 4442 adnotat:
396 4384 481 4444 Dicit
499 4388 582 4444 illum
600 4385 737 4446 Graecas
750 4388 870 4446 litteras
883 4391 973 4447 umal
990 4396 1021 4449 et
1034 4388 1164 4449 Latinas
1178 4394 1210 4450 iu
1226 4392 1335 4451 Sicilia

159 4480 319 4541 didicisse:
342 4485 374 4542 iu
393 4499 431 4542 ea
450 4485 560 4558 insula,
584 4501 663 4559 quac
682 4491 794 4544 neutra
812 4488 920 4559 lingua
939 4486 1015 4546 bene
1033 4494 1149 4546 utatur.
1186 4488 1237 4547 Ita
1256 4492 1335 4549 enim
