3275 5192
695 409 937 474 -165-

223 608 330 651 earum
353 589 519 651 fabularum
544 599 597 669 est,
622 609 709 669 quae
733 591 881 670 prologo
905 599 1037 652 carent
1075 593 1212 653 Attamen
1231 591 1317 654 lacile
1337 594 1404 654 fieri

222 690 368 768 potuisse,
387 696 421 749 ut
434 688 504 749 huio
519 707 636 768 quoque
657 688 771 749 fabulae
790 691 939 769 principio
957 689 1097 769 prologus
1115 693 1297 770 praemissus
1316 699 1405 771 esset,

225 789 278 866 qui
315 785 435 866 quidem
467 789 624 866 iniquitate
657 796 825 866 temporum
857 789 1024 867 interisset,
1067 787 1174 849 docent
1205 797 1235 850 et
1266 789 1405 850 Pseudoli

223 885 375 965 prologus,
399 887 484 946 cuius
509 885 565 946 duo
589 893 704 946 tautum
728 903 833 946 versus
857 885 966 966 reliqui
990 895 1068 966 sunt,
1095 894 1124 947 et
1145 886 1299 967 Epidicus,
1320 889 1405 948 cuius

225 982 341 1044 fabulae
364 983 518 1062 prologum
541 985 638 1063 primo
662 983 782 1062 quidem
806 985 965 1063 exstitisse,
991 1002 1072 1045 nuno
1096 992 1194 1045 autem
1217 984 1405 1046 intercidisse

224 1077 766 1165 eumrrioeriooioone1)censeo.
813 1080 851 1142 Et
873 1082 1005 1162 prolecto
1036 1101 1096 1144 non
1126 1082 1232 1160 deluit,
1263 1085 1314 1163 qui
1337 1102 1405 1163 pro·

225 1177 324 1240 babile
358 1198 424 1241 esse
457 1187 606 1259 conseret,
642 1179 749 1241 Persae
783 1179 854 1240 olim
886 1180 1040 1259 prologum
1073 1183 1272 1259 praemissum
1304 1181 1405 1241 luisse.

226 1275 339 1337 Oscar
362 1277 520 1357 Seyffert
543 1281 637 1356 enim,
666 1277 769 1339 doctus
797 1277 846 1338 ille
875 1285 905 1338 et
932 1278 1107 1356 intellegens
1131 1277 1245 1339 labulae
1269 1275 1406 1358 palliatae

226 1377 425 1455 existimator,
453 1394 541 1455 quem
565 1394 661 1456 nuper
684 1376 790 1437 acerba
813 1383 909 1437 morte
933 1376 1040 1437 litteris
1060 1376 1215 1456 abreptum
1235 1394 1301 1438 esse
1319 1373 1405 1436 valde

227 1472 387 1534 dolendum
407 1483 461 1553 est,
480 1474 636 1536 nonnullas
657 1474 856 1553 difficultates,
879 1492 952 1553 quas
972 1474 1134 1554 isendijh
1153 1477 1264 1555 statuit,
1282 1477 1324 1535 ita
1343 1473 1406 1535 tolli

225 1589 315 1652 posse
348 1574 477 1651 censuit,
510 1581 543 1633 ut
572 1572 711 1651 prologus
741 1571 930 1633 intercidisse
960 1565 1167 1657 sumeretur.')
1221 1571 1407 1632 Contrariam

226 1672 407 1731 sententiam
425 1671 539 1750 prolert
557 1670 768 1731 Friderious
788 1663 899 1755 Leo⁸),
923 1673 974 1750 qui
992 1671 1148 1750 prologum
1169 1688 1228 1731 non
1249 1669 1406 1731 desiderat.

318 1768 379 1829 lam
399 1770 431 1828 iu
451 1768 644 1832 antecedente
663 1768 847 1848 paragrapho
868 1768 1071 1830 demonstrare
1091 1777 1214 1830 conatus
1233 1786 1300 1829 sum
1317 1786 1407 1848 repu-

226 1867 377 1946 gnantias,
411 1885 485 1946 quae
518 1866 719 1946 lsendijlrio
752 1868 898 1928 actionem
928 1866 1036 1928 Persae
1069 1866 1190 1927 turbare
1223 1865 1407 1946 videbantur,

226 1966 349 2025 omnino
378 1983 438 2025 non
462 1972 577 2026 exstare
602 1973 631 2026 et
655 1966 800 2026 actionem
824 1985 841 2025 a
863 1973 949 2044 poeta
973 1965 1051 2026 clare
1075 1972 1105 2024 et
1134 1963 1272 2025 distincte
1296 1964 1407 2025 indica·

226 2071 290 2123 tam
313 2071 342 2123 et
365 2061 401 2122 ad
425 2064 514 2122 linem
537 2065 578 2122 ita
601 2061 775 2141 perductam
799 2081 879 2142 esse,
909 2069 943 2123 ut
965 2063 1039 2123 nihil
1064 2061 1296 2140 desideraretur,
1329 2061 1408 2140 quod

226 2161 266 2222 ad
295 2163 440 2222 actionem
468 2161 575 2222 melius
604 2160 834 2240 intellegendam
861 2163 892 2222 in
920 2161 1041 2241 prologo
1070 2160 1287 2240 explanandum
1319 2167 1408 2220 esset.

227 2260 331 2338 ltaque
355 2261 505 2320 neminem
530 2258 733 2320 dubitaturum
755 2277 821 2320 esse
844 2267 925 2338 puto,
949 2261 1022 2339 quin
1045 2257 1113 2319 Leo
1135 2259 1191 2318 hac
1213 2260 1245 2318 in
1269 2275 1302 2318 re
1326 2265 1408 2318 recte

222 2357 413 2436 iudicaverit,
437 2376 495 2436 quo
516 2357 615 2418 iudice
641 2357 786 2436 colloquio
806 2356 901 2417 Toxili
926 2365 955 2418 et
974 2357 1191 2436 Sagaristionis,
1215 2354 1294 2436 quod
1312 2357 1409 2435 prima

227 2456 320 2516 totius
344 2454 458 2516 lahulae
487 2473 575 2516 scena
603 2457 785 2534 continetur,
816 2457 893 2516 actio
920 2455 1007 2534 plane
1037 2457 1169 2534 exposita
1197 2462 1254 2515 est:
1286 2452 1408 2513 Toxilus

227 2554 461 2632 Sagaristionem
485 2555 614 2614 amioum
637 2562 728 2632 rogat,
752 2560 785 2614 ut
809 2552 867 2614 sibi
890 2560 1046 2632 argentum
1070 2553 1106 2614 ad
1129 2551 1313 2613 liberandam
1336 2553 1408 2612 ami·

228 2669 296 2712 cam
331 2650 508 2731 suppeditet
555 2651 675 2712 Amicus
702 2653 883 2730 promissum
912 2651 962 2712 dat
989 2659 1018 2712 et
1045 2650 1166 2712 Toxilus
1197 2651 1344 2729 siguificat
1376 2667 1408 2710 sc

226 2749 331 2810 lenoni
351 2748 450 2810 dolum
469 2749 616 2828 quendam
635 2767 781 2810 nexurum
797 2768 871 2811 esse.
907 2749 1053 2811 Continuo
1068 2752 1099 2809 in
1114 2749 1206 2810 altera
1225 2767 1314 2809 scena
1333 2749 1409 2808 actio

227 2850 344 2928 incipit,
369 2867 436 2909 cum
457 2849 605 2928 parasitus
624 2848 833 2928 introducitur,
857 2850 942 2909 ouius
962 2848 1070 2909 auxilio
1091 2847 1204 2908 fallacia
1220 2850 1252 2906 in
1271 2847 1409 2908 lenonem

230 2948 396 3026 composita
419 2947 599 3025 perficiatur.

322 3044 398 3105 Sane
422 3043 590 3106 mirandum
615 3053 660 3106 est
684 3044 791 3124 dolum,
816 3061 904 3123 quom
926 3043 1047 3103 Toxilus
1070 3042 1173 3102 lenoni
1194 3040 1331 3101 illaturus
1355 3047 1409 3119 est,

228 3161 291 3204 uno
315 3150 429 3203 tantum
452 3161 540 3203 versu
565 3135 638 3227 (52)
663 3144 839 3222 significari,
865 3140 918 3202 ubi
941 3140 1039 3202 subito
1062 3141 1129 3200 leno
1153 3145 1410 3218 commemoratur,

231 3241 270 3300 de
294 3259 351 3319 quo
374 3259 412 3301 ne
436 3259 529 3302 unum
558 3240 677 3320 quidem
705 3239 830 3302 verbum
857 3258 983 3320 usquam
1006 3245 1091 3299 antea
1115 3237 1226 3298 lactum
1251 3244 1304 3297 est
1351 3235 1410 3296 Sed

231 3357 411 3418 quamquam
431 3338 632 3400 confitendum
656 3347 700 3400 est
719 3341 809 3400 nimis
833 3338 896 3399 lere
919 3336 1060 3398 brevibus
1082 3333 1181 3396 verbis
1205 3352 1221 3394 a
1244 3341 1331 3413 poeta
1353 3333 1410 3393 hoc

230 3437 329 3497 Toxili
353 3436 511 3498 consilium
535 3438 698 3515 significari
721 3446 751 3498 et
772 3439 839 3497 iure
862 3435 942 3496 hunc
963 3433 1112 3496 velillum
1131 3439 1304 3511 exspectare
1323 3431 1410 3491 Toxi·

229 3535 295 3595 lum
318 3543 369 3595 aut
390 3534 447 3595 hoc
470 3533 534 3595 loco
558 3535 662 3594 autin
685 3534 806 3614 prologo
831 3533 888 3595 duo
912 3533 1036 3595 consilia
1059 3551 1112 3593 sua
1131 3531 1299 3592 accuratius
1318 3530 1410 3608 expli-

230 3651 301 3694 care
330 3640 360 3693 et
389 3650 477 3712 quem
506 3631 605 3693 dolum
632 3631 732 3693 lenoni
761 3635 980 3711 compositurus
1009 3633 1048 3692 sit
1075 3638 1105 3691 et
1135 3645 1210 3709 quae
1234 3629 1309 3689 ratio
1332 3629 1412 3688 iuter

230 3733 332 3811 ipsum
361 3737 392 3791 et
418 3729 503 3790 illurn
534 3729 712 3810 intercedat,
740 3739 839 3791 tamen
866 3749 945 3791 unus
969 3729 1018 3790 ille
1041 3746 1146 3789 versus
1170 3727 1290 3788 sufficit.
1336 3724 1411 3786 Nam

325 3966 350 4034 1)
369 3963 460 4017 Plano.
477 3964 588 4018 Forsoh.
603 3983 629 4034 p.
647 3969 697 4018 179
709 3982 768 4032 sqq.

324 4046 350 4112 2)
369 4044 634 4114 Aun.,Burs.1886,
651 4051 664 4097 1
685 4063 712 4114 p.
729 4050 792 4098 111:
818 4043 988 4112 „Vielleiohl
1010 4043 1048 4097 ist
1070 4040 1202 4094 manches
1225 4038 1298 4093 noch
1322 4037 1411 4092 durch

232 4125 280 4180 die
303 4122 531 4195 Vorcusseiuung
559 4125 635 4178 eines
663 4123 779 4196 Prologs
807 4142 842 4177 zu
865 4123 1006 4189 erkldren,
1034 4123 1063 4176 in
1090 4121 1227 4176 walchem
1250 4120 1323 4173 such
1347 4119 1411 4172 dem

231 4203 387 4258 Publilium
404 4203 589 4275 Aulkldrung
611 4203 681 4259 iiber
704 4204 751 4258 die
770 4203 989 4275 cigentiimliche
1008 4202 1137 4272 Stellung
1160 4201 1210 4255 des
1228 4199 1342 4254 Toxilus
1363 4215 1412 4269 ge-

231 4285 325 4355 geben
345 4283 404 4338 sein
423 4283 537 4352 konnte,
556 4284 609 4338 wie
627 4284 668 4337 im
681 4283 784 4356 Prolog
803 4285 853 4338 der
871 4283 973 4338 Casino
991 4283 1061 4338 iiber
1079 4281 1125 4335 die
1140 4279 1254 4336 serviles
1267 4279 1412 4349 nuptiator.

324 4367 351 4435 3)
370 4364 460 4418 Plout.
485 4364 596 4420 Forsoh.
615 4383 642 4434 p.
660 4370 724 4432 1⁷73
753 4366 832 4433 „eine
850 4365 1089 4433 Vorouosetzung,
1114 4361 1160 4414 die
1184 4357 1338 4415 aulierhalb
1362 4359 1412 4411 der

233 4443 390 4514 Handlung
417 4444 537 4514 (scilicet
561 4444 591 4500 iu
616 4445 744 4516 prologo)
770 4443 925 4515 mitgeteili
948 4443 1061 4496 werden
1087 4441 1197 4508 milite,
1225 4439 1336 4493 enthalt
1361 4439 1412 4491 dos

234 4523 324 4578 Sliick
344 4523 449 4582 nicht.“
