<?xml version="1.0" encoding="UTF-8"?>
<!DOCTYPE html PUBLIC "-//W3C//DTD XHTML 1.0 Transitional//EN"
    "http://www.w3.org/TR/xhtml1/DTD/xhtml1-transitional.dtd">
<html xmlns="http://www.w3.org/1999/xhtml" xml:lang="en" lang="en">
 <head>
  <title>
</title>
<meta http-equiv="Content-Type" content="text/html;charset=utf-8" />
  <meta name='ocr-system' content='tesseract 3.04.00' />
  <meta name='ocr-capabilities' content='ocr_page ocr_carea ocr_par ocr_line ocrx_word'/>
</head>
<body>
  <div class='ocr_page' id='page_1' title='image "./deplautipersa00meyegoog_0048.png"; bbox 0 0 3275 5192; ppageno 0'>
   <div class='ocr_carea' id='block_1_1' title="bbox 801 368 1044 432">
    <p class='ocr_par' dir='ltr' id='par_1_1' title="bbox 801 368 1044 432">
     <span class='ocr_line' id='line_1_1' title="bbox 801 368 1044 432; baseline 0 0"><span class='ocrx_word' id='word_1_1' title='bbox 801 368 1044 432; x_wconf 79' lang='lat'>-188-</span> 
     </span>
    </p>
   </div>
   <div class='ocr_carea' id='block_1_2' title="bbox 332 547 1516 2498">
    <p class='ocr_par' dir='ltr' id='par_1_2' title="bbox 332 547 1514 1316">
     <span class='ocr_line' id='line_1_2' title="bbox 332 547 1513 632; baseline -0.005 -18"><span class='ocrx_word' id='word_1_2' title='bbox 332 553 412 614; x_wconf 92' lang='lat' dir='ltr'><strong>biam</strong></span> <span class='ocrx_word' id='word_1_3' title='bbox 435 552 543 614; x_wconf 78' lang='lat' dir='ltr'>Persae</span> <span class='ocrx_word' id='word_1_4' title='bbox 567 569 720 632; x_wconf 85' lang='lat' dir='ltr'><strong>nunquam</strong></span> <span class='ocrx_word' id='word_1_5' title='bbox 743 551 914 611; x_wconf 76' lang='lat' dir='ltr'>obtinerent</span> <span class='ocrx_word' id='word_1_6' title='bbox 936 552 995 611; x_wconf 92' lang='lat' dir='ltr'><strong>nisi</strong></span> <span class='ocrx_word' id='word_1_7' title='bbox 1014 549 1151 629; x_wconf 78' lang='lat' dir='ltr'><strong>Cambysi</strong></span> <span class='ocrx_word' id='word_1_8' title='bbox 1175 557 1205 610; x_wconf 90' lang='lat' dir='ltr'><strong>et</strong></span> <span class='ocrx_word' id='word_1_9' title='bbox 1222 549 1304 610; x_wconf 86' lang='lat' dir='ltr'><strong>Darii</strong></span> <span class='ocrx_word' id='word_1_10' title='bbox 1326 547 1513 628; x_wconf 80' lang='lat' dir='ltr'><strong>temporibus</strong></span> 
     </span>
     <span class='ocr_line' id='line_1_3' title="bbox 333 647 1512 731; baseline -0.005 -18"><span class='ocrx_word' id='word_1_11' title='bbox 333 659 448 731; x_wconf 90' lang='lat' dir='ltr'><strong>partem</strong></span> <span class='ocrx_word' id='word_1_12' title='bbox 478 649 749 730; x_wconf 83' lang='lat' dir='ltr'><strong>septentrionalem.</strong></span> <span class='ocrx_word' id='word_1_13' title='bbox 794 648 952 710; x_wconf 91' lang='lat' dir='ltr'><strong>Praeterea</strong></span> <span class='ocrx_word' id='word_1_14' title='bbox 981 666 1085 708; x_wconf 90' lang='lat' dir='ltr'><strong>vereor·</strong></span> <span class='ocrx_word' id='word_1_15' title='bbox 1112 666 1150 708; x_wconf 93' lang='lat' dir='ltr'><strong>ne</strong></span> <span class='ocrx_word' id='word_1_16' title='bbox 1177 647 1322 708; x_wconf 88' lang='lat' dir='ltr'><strong>hocloco</strong></span> <span class='ocrx_word' id='word_1_17' title='bbox 1344 647 1512 707; x_wconf 91' lang='lat' dir='ltr'><strong>Wilamo·</strong></span> 
     </span>
     <span class='ocr_line' id='line_1_4' title="bbox 334 745 1511 824; baseline -0.003 -16"><span class='ocrx_word' id='word_1_18' title='bbox 334 752 413 810; x_wconf 82' lang='lat' dir='ltr'><strong>witz</strong></span> <span class='ocrx_word' id='word_1_19' title='bbox 443 750 591 810; x_wconf 82' lang='lat' dir='ltr'>morosius</span> <span class='ocrx_word' id='word_1_20' title='bbox 620 747 729 809; x_wconf 90' lang='lat' dir='ltr'><strong>litteris</strong></span> <span class='ocrx_word' id='word_1_21' title='bbox 759 747 931 808; x_wconf 78' lang='lat' dir='ltr'><strong>inhaeserit.</strong></span> <span class='ocrx_word' id='word_1_22' title='bbox 984 746 1056 807; x_wconf 87' lang='lat' dir='ltr'>Mihi</span> <span class='ocrx_word' id='word_1_23' title='bbox 1083 745 1204 824; x_wconf 92' lang='lat' dir='ltr'><strong>quidem</strong></span> <span class='ocrx_word' id='word_1_24' title='bbox 1228 745 1419 806; x_wconf 87' lang='lat' dir='ltr'><strong>verisimilius</strong></span> <span class='ocrx_word' id='word_1_25' title='bbox 1443 762 1511 806; x_wconf 86' lang='lat' dir='ltr'><strong>csse</strong></span> 
     </span>
     <span class='ocr_line' id='line_1_5' title="bbox 333 844 1512 927; baseline -0.003 -21"><span class='ocrx_word' id='word_1_26' title='bbox 333 846 451 908; x_wconf 79' lang='lat' dir='ltr'><strong>videtur</strong></span> <span class='ocrx_word' id='word_1_27' title='bbox 477 854 608 927; x_wconf 83' lang='lat' dir='ltr'><strong>poetam,</strong></span> <span class='ocrx_word' id='word_1_28' title='bbox 637 864 705 907; x_wconf 93' lang='lat' dir='ltr'><strong>cum</strong></span> <span class='ocrx_word' id='word_1_29' title='bbox 728 844 850 905; x_wconf 83' lang='lat' dir='ltr'><strong>Persam</strong></span> <span class='ocrx_word' id='word_1_30' title='bbox 878 845 1026 924; x_wconf 89' lang='lat' dir='ltr'><strong>quendam</strong></span> <span class='ocrx_word' id='word_1_31' title='bbox 1049 844 1178 905; x_wconf 75' lang='lat' dir='ltr'><strong>Athenas</strong></span> <span class='ocrx_word' id='word_1_32' title='bbox 1202 844 1442 923; x_wconf 83' lang='lat' dir='ltr'><strong>proticiscentem</strong></span> <span class='ocrx_word' id='word_1_33' title='bbox 1464 846 1512 903; x_wconf 90' lang='lat' dir='ltr'><strong>in·</strong></span> 
     </span>
     <span class='ocr_line' id='line_1_6' title="bbox 334 941 1511 1024; baseline -0.004 -18"><span class='ocrx_word' id='word_1_34' title='bbox 334 945 460 1024; x_wconf 84' lang='lat' dir='ltr'><strong>dmerit,</strong></span> <span class='ocrx_word' id='word_1_35' title='bbox 484 945 599 1006; x_wconf 80' lang='lat' dir='ltr'><strong>litteras</strong></span> <span class='ocrx_word' id='word_1_36' title='bbox 627 963 701 1024; x_wconf 87' lang='lat' dir='ltr'><strong>quas</strong></span> <span class='ocrx_word' id='word_1_37' title='bbox 727 943 777 1004; x_wconf 89' lang='lat' dir='ltr'><strong>ille</strong></span> <span class='ocrx_word' id='word_1_38' title='bbox 805 961 908 1004; x_wconf 90' lang='lat' dir='ltr'><strong>secum</strong></span> <span class='ocrx_word' id='word_1_39' title='bbox 935 942 1016 1022; x_wconf 90' lang='lat' dir='ltr'><strong>tulit,</strong></span> <span class='ocrx_word' id='word_1_40' title='bbox 1046 961 1082 1002; x_wconf 82' lang='lat' dir='ltr'><strong>eu</strong></span> <span class='ocrx_word' id='word_1_41' title='bbox 1105 941 1208 1003; x_wconf 88' lang='lat' dir='ltr'><strong>Persia</strong></span> <span class='ocrx_word' id='word_1_42' title='bbox 1234 943 1333 1021; x_wconf 91' lang='lat' dir='ltr'><strong>potius</strong></span> <span class='ocrx_word' id='word_1_43' title='bbox 1361 959 1450 1021; x_wconf 77' lang='lat' dir='ltr'><strong>quiam</strong></span> <span class='ocrx_word' id='word_1_44' title='bbox 1473 961 1511 1002; x_wconf 81' lang='lat' dir='ltr'><strong>ex</strong></span> 
     </span>
     <span class='ocr_line' id='line_1_7' title="bbox 332 1039 1514 1121; baseline -0.003 -17"><span class='ocrx_word' id='word_1_45' title='bbox 332 1043 440 1104; x_wconf 91' lang='lat' dir='ltr'><strong>Arabia</strong></span> <span class='ocrx_word' id='word_1_46' title='bbox 462 1045 564 1104; x_wconf 87' lang='lat' dir='ltr'><strong>venire</strong></span> <span class='ocrx_word' id='word_1_47' title='bbox 592 1042 701 1103; x_wconf 90' lang='lat' dir='ltr'><strong>dicere.</strong></span> <span class='ocrx_word' id='word_1_48' title='bbox 747 1041 785 1103; x_wconf 88' lang='lat' dir='ltr'><strong>Et</strong></span> <span class='ocrx_word' id='word_1_49' title='bbox 812 1044 839 1101; x_wconf 91' lang='lat' dir='ltr'><strong>si</strong></span> <span class='ocrx_word' id='word_1_50' title='bbox 861 1042 930 1120; x_wconf 85' lang='lat' dir='ltr'><strong>quis</strong></span> <span class='ocrx_word' id='word_1_51' title='bbox 953 1042 1050 1101; x_wconf 91' lang='lat' dir='ltr'><strong>omnia</strong></span> <span class='ocrx_word' id='word_1_52' title='bbox 1074 1059 1142 1101; x_wconf 93' lang='lat' dir='ltr'><strong>cum</strong></span> <span class='ocrx_word' id='word_1_53' title='bbox 1165 1039 1330 1121; x_wconf 84' lang='lat' dir='ltr'><strong>pulvisculo</strong></span> <span class='ocrx_word' id='word_1_54' title='bbox 1353 1039 1514 1101; x_wconf 77' lang='lat' dir='ltr'><strong>exhaurire</strong></span> 
     </span>
     <span class='ocr_line' id='line_1_8' title="bbox 332 1137 1513 1222; baseline -0.002 -22"><span class='ocrx_word' id='word_1_55' title='bbox 332 1142 468 1221; x_wconf 89' lang='lat' dir='ltr'><strong>voluerit,</strong></span> <span class='ocrx_word' id='word_1_56' title='bbox 491 1143 602 1222; x_wconf 92' lang='lat' dir='ltr'><strong>poterit</strong></span> <span class='ocrx_word' id='word_1_57' title='bbox 624 1139 724 1201; x_wconf 87' lang='lat' dir='ltr'><strong>dicere</strong></span> <span class='ocrx_word' id='word_1_58' title='bbox 748 1159 816 1200; x_wconf 88' lang='lat' dir='ltr'><strong>eum</strong></span> <span class='ocrx_word' id='word_1_59' title='bbox 841 1138 1028 1219; x_wconf 80' lang='lat' dir='ltr'><strong>expeditione</strong></span> <span class='ocrx_word' id='word_1_60' title='bbox 1051 1141 1083 1199; x_wconf 95' lang='lat' dir='ltr'><strong>in</strong></span> <span class='ocrx_word' id='word_1_61' title='bbox 1101 1138 1239 1198; x_wconf 77' lang='lat' dir='ltr'><strong>Arabiam</strong></span> <span class='ocrx_word' id='word_1_62' title='bbox 1262 1138 1338 1198; x_wconf 88' lang='lat' dir='ltr'><strong>iacta</strong></span> <span class='ocrx_word' id='word_1_63' title='bbox 1361 1140 1393 1198; x_wconf 91' lang='lat' dir='ltr'><strong>in</strong></span> <span class='ocrx_word' id='word_1_64' title='bbox 1412 1137 1513 1199; x_wconf 90' lang='lat' dir='ltr'><strong>Persi·</strong></span> 
     </span>
     <span class='ocr_line' id='line_1_9' title="bbox 334 1237 1027 1316; baseline -0.007 -15"><span class='ocrx_word' id='word_1_65' title='bbox 334 1240 401 1301; x_wconf 91' lang='lat' dir='ltr'><strong>dem</strong></span> <span class='ocrx_word' id='word_1_66' title='bbox 425 1258 578 1301; x_wconf 84' lang='lat' dir='ltr'><strong>reversum</strong></span> <span class='ocrx_word' id='word_1_67' title='bbox 601 1237 671 1299; x_wconf 90' lang='lat' dir='ltr'><strong>inde</strong></span> <span class='ocrx_word' id='word_1_68' title='bbox 694 1238 825 1299; x_wconf 88' lang='lat' dir='ltr'><strong>Athenas</strong></span> <span class='ocrx_word' id='word_1_69' title='bbox 847 1239 1027 1316; x_wconf 84' lang='lat' dir='ltr'><strong>pervenisse.</strong></span> 
     </span>
    </p>

    <p class='ocr_par' dir='ltr' id='par_1_3' title="bbox 333 1334 1515 2104">
     <span class='ocr_line' id='line_1_10' title="bbox 423 1334 1515 1416; baseline -0.003 -19"><span class='ocrx_word' id='word_1_70' title='bbox 423 1338 442 1416; x_wconf 68' lang='grc' dir='ltr'><strong>ξ</strong></span> <span class='ocrx_word' id='word_1_71' title='bbox 467 1334 496 1397; x_wconf 85' lang='grc'><strong>9.</strong></span> <span class='ocrx_word' id='word_1_72' title='bbox 541 1336 618 1398; x_wconf 91' lang='lat' dir='ltr'><strong>Alia</strong></span> <span class='ocrx_word' id='word_1_73' title='bbox 646 1337 798 1416; x_wconf 93' lang='lat' dir='ltr'><strong>indicia,</strong></span> <span class='ocrx_word' id='word_1_74' title='bbox 827 1354 914 1416; x_wconf 91' lang='lat' dir='ltr'><strong>quae</strong></span> <span class='ocrx_word' id='word_1_75' title='bbox 945 1342 1082 1395; x_wconf 89' lang='lat' dir='ltr'><strong>certum</strong></span> <span class='ocrx_word' id='word_1_76' title='bbox 1110 1343 1252 1413; x_wconf 88' lang='lat' dir='ltr'><strong>tempus</strong></span> <span class='ocrx_word' id='word_1_77' title='bbox 1280 1335 1515 1414; x_wconf 80' lang='lat' dir='ltr'><strong>significent,</strong></span> 
     </span>
     <span class='ocr_line' id='line_1_11' title="bbox 333 1432 1514 1512; baseline -0.003 -16"><span class='ocrx_word' id='word_1_78' title='bbox 333 1438 365 1496; x_wconf 90' lang='lat' dir='ltr'><strong>in</strong></span> <span class='ocrx_word' id='word_1_79' title='bbox 388 1435 478 1496; x_wconf 89' lang='lat' dir='ltr'><strong>Persa</strong></span> <span class='ocrx_word' id='word_1_80' title='bbox 501 1453 561 1496; x_wconf 92' lang='lat' dir='ltr'><strong>non</strong></span> <span class='ocrx_word' id='word_1_81' title='bbox 585 1438 684 1496; x_wconf 91' lang='lat' dir='ltr'><strong>inesse</strong></span> <span class='ocrx_word' id='word_1_82' title='bbox 703 1433 788 1495; x_wconf 91' lang='lat' dir='ltr'><strong>valde</strong></span> <span class='ocrx_word' id='word_1_83' title='bbox 809 1432 968 1495; x_wconf 92' lang='lat' dir='ltr'><strong>dolendum</strong></span> <span class='ocrx_word' id='word_1_84' title='bbox 992 1443 1045 1512; x_wconf 88' lang='lat' dir='ltr'><strong>est,</strong></span> <span class='ocrx_word' id='word_1_85' title='bbox 1069 1453 1138 1494; x_wconf 88' lang='lat' dir='ltr'><strong>cum</strong></span> <span class='ocrx_word' id='word_1_86' title='bbox 1162 1452 1197 1494; x_wconf 91' lang='lat' dir='ltr'><strong>ea</strong></span> <span class='ocrx_word' id='word_1_87' title='bbox 1216 1435 1291 1512; x_wconf 91' lang='lat' dir='ltr'><strong>ipsa,</strong></span> <span class='ocrx_word' id='word_1_88' title='bbox 1314 1432 1514 1512; x_wconf 91' lang='lat' dir='ltr'><strong>quaeWila·</strong></span> 
     </span>
     <span class='ocr_line' id='line_1_12' title="bbox 333 1529 1514 1612; baseline -0.003 -18"><span class='ocrx_word' id='word_1_89' title='bbox 333 1536 470 1595; x_wconf 86' lang='lat' dir='ltr'><strong>mouitz</strong></span> <span class='ocrx_word' id='word_1_90' title='bbox 495 1533 593 1594; x_wconf 89' lang='lat' dir='ltr'><strong>attulit</strong></span> <span class='ocrx_word' id='word_1_91' title='bbox 615 1539 735 1612; x_wconf 89' lang='lat' dir='ltr'><strong>praeter</strong></span> <span class='ocrx_word' id='word_1_92' title='bbox 752 1531 793 1612; x_wconf 93' lang='lat' dir='ltr'><strong>id,</strong></span> <span class='ocrx_word' id='word_1_93' title='bbox 817 1531 896 1612; x_wconf 88' lang='lat' dir='ltr'><strong>quod</strong></span> <span class='ocrx_word' id='word_1_94' title='bbox 916 1550 932 1591; x_wconf 92' lang='lat' dir='ltr'><strong>e</strong></span> <span class='ocrx_word' id='word_1_95' title='bbox 952 1534 1231 1592; x_wconf 85' lang='lat' dir='ltr'><strong>commemoratione</strong></span> <span class='ocrx_word' id='word_1_96' title='bbox 1250 1533 1335 1611; x_wconf 89' lang='lat' dir='ltr'><strong>regui</strong></span> <span class='ocrx_word' id='word_1_97' title='bbox 1352 1529 1514 1592; x_wconf 87' lang='lat' dir='ltr'><strong>Persarum</strong></span> 
     </span>
     <span class='ocr_line' id='line_1_13' title="bbox 334 1628 1515 1711; baseline -0.003 -19"><span class='ocrx_word' id='word_1_98' title='bbox 334 1634 362 1692; x_wconf 92' lang='lat' dir='ltr'><strong>ei</strong></span> <span class='ocrx_word' id='word_1_99' title='bbox 386 1631 522 1693; x_wconf 92' lang='lat' dir='ltr'><strong>concludi</strong></span> <span class='ocrx_word' id='word_1_100' title='bbox 552 1650 639 1711; x_wconf 90' lang='lat' dir='ltr'><strong>posse</strong></span> <span class='ocrx_word' id='word_1_101' title='bbox 669 1633 766 1691; x_wconf 89' lang='lat' dir='ltr'><strong>visum</strong></span> <span class='ocrx_word' id='word_1_102' title='bbox 796 1638 855 1710; x_wconf 89' lang='lat' dir='ltr'><strong>est,</strong></span> <span class='ocrx_word' id='word_1_103' title='bbox 886 1648 979 1709; x_wconf 89' lang='lat' dir='ltr'><strong>aeque</strong></span> <span class='ocrx_word' id='word_1_104' title='bbox 1009 1648 1101 1690; x_wconf 80' lang='lat' dir='ltr'><strong>nouae</strong></span> <span class='ocrx_word' id='word_1_105' title='bbox 1132 1649 1166 1690; x_wconf 92' lang='lat' dir='ltr'><strong>ac</strong></span> <span class='ocrx_word' id='word_1_106' title='bbox 1197 1628 1311 1689; x_wconf 88' lang='lat' dir='ltr'><strong>mediae</strong></span> <span class='ocrx_word' id='word_1_107' title='bbox 1342 1628 1515 1689; x_wconf 84' lang='lat' dir='ltr'><strong>comoediae</strong></span> 
     </span>
     <span class='ocr_line' id='line_1_14' title="bbox 334 1722 1513 1812; baseline -0.003 -22"><span class='ocrx_word' id='word_1_108' title='bbox 334 1732 492 1791; x_wconf 87' lang='lat' dir='ltr'><strong>convenire</strong></span> <span class='ocrx_word' id='word_1_109' title='bbox 515 1732 580 1810; x_wconf 92' lang='lat' dir='ltr'><strong>ipse</strong></span> <span class='ocrx_word' id='word_1_110' title='bbox 604 1722 783 1812; x_wconf 87' lang='lat' dir='ltr'><strong>concedat¹)</strong></span> <span class='ocrx_word' id='word_1_111' title='bbox 830 1729 933 1808; x_wconf 87' lang='lat' dir='ltr'><strong>ltaque</strong></span> <span class='ocrx_word' id='word_1_112' title='bbox 955 1746 1043 1807; x_wconf 90' lang='lat' dir='ltr'><strong>opera</strong></span> <span class='ocrx_word' id='word_1_113' title='bbox 1067 1729 1165 1787; x_wconf 92' lang='lat' dir='ltr'><strong>omnia</strong></span> <span class='ocrx_word' id='word_1_114' title='bbox 1191 1727 1288 1788; x_wconf 91' lang='lat' dir='ltr'><strong>denuo</strong></span> <span class='ocrx_word' id='word_1_115' title='bbox 1310 1726 1513 1805; x_wconf 85' lang='lat' dir='ltr'><strong>perlustrandi</strong></span> 
     </span>
     <span class='ocr_line' id='line_1_15' title="bbox 334 1824 1514 1908; baseline -0.003 -20"><span class='ocrx_word' id='word_1_116' title='bbox 334 1827 533 1908; x_wconf 87' lang='lat' dir='ltr'><strong>supersedens</strong></span> <span class='ocrx_word' id='word_1_117' title='bbox 558 1846 592 1888; x_wconf 92' lang='lat' dir='ltr'><strong>ea</strong></span> <span class='ocrx_word' id='word_1_118' title='bbox 616 1835 730 1888; x_wconf 90' lang='lat' dir='ltr'><strong>tantum</strong></span> <span class='ocrx_word' id='word_1_119' title='bbox 754 1827 875 1907; x_wconf 83' lang='lat' dir='ltr'><strong>eligam,</strong></span> <span class='ocrx_word' id='word_1_120' title='bbox 898 1844 974 1906; x_wconf 87' lang='lat' dir='ltr'><strong>quae</strong></span> <span class='ocrx_word' id='word_1_121' title='bbox 998 1824 1041 1886; x_wconf 96' lang='lat' dir='ltr'><strong>illi</strong></span> <span class='ocrx_word' id='word_1_122' title='bbox 1063 1825 1131 1904; x_wconf 91' lang='lat' dir='ltr'><strong>plus</strong></span> <span class='ocrx_word' id='word_1_123' title='bbox 1154 1827 1296 1886; x_wconf 88' lang='lat' dir='ltr'><strong>momenti</strong></span> <span class='ocrx_word' id='word_1_124' title='bbox 1320 1825 1426 1885; x_wconf 85' lang='lat' dir='ltr'><strong>alierre</strong></span> <span class='ocrx_word' id='word_1_125' title='bbox 1449 1827 1514 1885; x_wconf 84' lang='lat' dir='ltr'><strong>visa</strong></span> 
     </span>
     <span class='ocr_line' id='line_1_16' title="bbox 335 1921 1515 2004; baseline -0.003 -17"><span class='ocrx_word' id='word_1_126' title='bbox 335 1935 405 1987; x_wconf 90' lang='lat' dir='ltr'><strong>sunt</strong></span> <span class='ocrx_word' id='word_1_127' title='bbox 433 1927 469 1986; x_wconf 94' lang='lat' dir='ltr'><strong>ad</strong></span> <span class='ocrx_word' id='word_1_128' title='bbox 497 1925 527 1986; x_wconf 96' lang='lat' dir='ltr'><strong>id</strong></span> <span class='ocrx_word' id='word_1_129' title='bbox 555 1925 740 2004; x_wconf 88' lang='lat' dir='ltr'><strong>probandum</strong></span> <span class='ocrx_word' id='word_1_130' title='bbox 768 1925 848 2004; x_wconf 86' lang='lat' dir='ltr'><strong>quod</strong></span> <span class='ocrx_word' id='word_1_131' title='bbox 876 1927 1005 2004; x_wconf 90' lang='lat' dir='ltr'><strong>quaerit,</strong></span> <span class='ocrx_word' id='word_1_132' title='bbox 1035 1924 1063 1983; x_wconf 94' lang='lat' dir='ltr'><strong>h.</strong></span> <span class='ocrx_word' id='word_1_133' title='bbox 1094 1942 1119 1985; x_wconf 91' lang='lat' dir='ltr'><strong>e.</strong></span> <span class='ocrx_word' id='word_1_134' title='bbox 1143 1931 1244 1984; x_wconf 91' lang='lat' dir='ltr'><strong>utrum</strong></span> <span class='ocrx_word' id='word_1_135' title='bbox 1274 1922 1366 1983; x_wconf 90' lang='lat' dir='ltr'><strong>Persa</strong></span> <span class='ocrx_word' id='word_1_136' title='bbox 1395 1921 1515 1983; x_wconf 87' lang='lat' dir='ltr'><strong>mediae</strong></span> 
     </span>
     <span class='ocr_line' id='line_1_17' title="bbox 335 2024 927 2104; baseline 0.002 -21"><span class='ocrx_word' id='word_1_137' title='bbox 335 2026 434 2104; x_wconf 91' lang='lat' dir='ltr'><strong>potius</strong></span> <span class='ocrx_word' id='word_1_138' title='bbox 458 2042 546 2103; x_wconf 91' lang='lat' dir='ltr'><strong>quam</strong></span> <span class='ocrx_word' id='word_1_139' title='bbox 570 2042 662 2084; x_wconf 89' lang='lat' dir='ltr'><strong>novae</strong></span> <span class='ocrx_word' id='word_1_140' title='bbox 686 2024 856 2084; x_wconf 90' lang='lat' dir='ltr'><strong>comoediae</strong></span> <span class='ocrx_word' id='word_1_141' title='bbox 880 2026 927 2085; x_wconf 89' lang='lat' dir='ltr'><strong>sit.</strong></span> 
     </span>
    </p>

    <p class='ocr_par' dir='ltr' id='par_1_4' title="bbox 335 2115 1516 2498">
     <span class='ocr_line' id='line_1_18' title="bbox 423 2115 1516 2200; baseline 0 -20"><span class='ocrx_word' id='word_1_142' title='bbox 423 2122 656 2183; x_wconf 87' lang='lat' dir='ltr'><strong>Wilamouitz</strong></span> <span class='ocrx_word' id='word_1_143' title='bbox 681 2123 761 2182; x_wconf 92' lang='lat' dir='ltr'><strong>enim</strong></span> <span class='ocrx_word' id='word_1_144' title='bbox 785 2140 819 2182; x_wconf 93' lang='lat' dir='ltr'><strong>eo</strong></span> <span class='ocrx_word' id='word_1_145' title='bbox 843 2121 966 2182; x_wconf 89' lang='lat' dir='ltr'><strong>inclinat</strong></span> <span class='ocrx_word' id='word_1_146' title='bbox 990 2123 1100 2200; x_wconf 89' lang='lat' dir='ltr'><strong>animo,</strong></span> <span class='ocrx_word' id='word_1_147' title='bbox 1127 2130 1161 2180; x_wconf 92' lang='lat' dir='ltr'><strong>ut</strong></span> <span class='ocrx_word' id='word_1_148' title='bbox 1188 2138 1204 2179; x_wconf 92' lang='lat' dir='ltr'><strong>e</strong></span> <span class='ocrx_word' id='word_1_149' title='bbox 1233 2119 1369 2180; x_wconf 88' lang='lat' dir='ltr'><strong>versibus</strong></span> <span class='ocrx_word' id='word_1_150' title='bbox 1394 2115 1458 2180; x_wconf 80' lang='lat'><strong>159</strong></span> <span class='ocrx_word' id='word_1_151' title='bbox 1482 2128 1516 2180; x_wconf 88' lang='lat' dir='ltr'><strong>et</strong></span> 
     </span>
     <span class='ocr_line' id='line_1_19' title="bbox 337 2217 1512 2300; baseline -0.003 -19"><span class='ocrx_word' id='word_1_152' title='bbox 337 2217 410 2300; x_wconf 84' lang='lat'><strong>160,</strong></span> <span class='ocrx_word' id='word_1_153' title='bbox 437 2219 490 2281; x_wconf 93' lang='lat' dir='ltr'><strong>ubi</strong></span> <span class='ocrx_word' id='word_1_154' title='bbox 517 2221 663 2300; x_wconf 90' lang='lat' dir='ltr'><strong>choragus</strong></span> <span class='ocrx_word' id='word_1_155' title='bbox 687 2228 949 2299; x_wconf 83' lang='lat' dir='ltr'><strong>commemoratur,</strong></span> <span class='ocrx_word' id='word_1_156' title='bbox 974 2219 1095 2279; x_wconf 90' lang='lat' dir='ltr'><strong>Persam</strong></span> <span class='ocrx_word' id='word_1_157' title='bbox 1119 2227 1187 2278; x_wconf 89' lang='lat' dir='ltr'><strong>ante</strong></span> <span class='ocrx_word' id='word_1_158' title='bbox 1210 2217 1353 2278; x_wconf 87' lang='lat' dir='ltr'><strong>Demetrii</strong></span> <span class='ocrx_word' id='word_1_159' title='bbox 1376 2217 1512 2278; x_wconf 80' lang='lat' dir='ltr'><strong>Phalerei</strong></span> 
     </span>
     <span class='ocr_line' id='line_1_20' title="bbox 335 2315 1515 2398; baseline -0.002 -20"><span class='ocrx_word' id='word_1_160' title='bbox 335 2326 460 2378; x_wconf 91' lang='lat' dir='ltr'><strong>aetatem</strong></span> <span class='ocrx_word' id='word_1_161' title='bbox 494 2320 636 2398; x_wconf 87' lang='lat' dir='ltr'><strong>scriptam</strong></span> <span class='ocrx_word' id='word_1_162' title='bbox 669 2337 734 2379; x_wconf 91' lang='lat' dir='ltr'><strong>esse</strong></span> <span class='ocrx_word' id='word_1_163' title='bbox 768 2317 937 2396; x_wconf 89' lang='lat' dir='ltr'><strong>concludat,</strong></span> <span class='ocrx_word' id='word_1_164' title='bbox 975 2336 1042 2377; x_wconf 92' lang='lat' dir='ltr'><strong>cum</strong></span> <span class='ocrx_word' id='word_1_165' title='bbox 1075 2319 1140 2376; x_wconf 89' lang='lat' dir='ltr'><strong>eius</strong></span> <span class='ocrx_word' id='word_1_166' title='bbox 1172 2315 1357 2395; x_wconf 87' lang='lat' dir='ltr'><strong>temporibus</strong></span> <span class='ocrx_word' id='word_1_167' title='bbox 1388 2315 1515 2377; x_wconf 78' lang='lat' dir='ltr'><strong>Athenis</strong></span> 
     </span>
     <span class='ocr_line' id='line_1_21' title="bbox 335 2407 1515 2498; baseline -0.002 -22"><span class='ocrx_word' id='word_1_168' title='bbox 335 2417 529 2494; x_wconf 82' lang='lat' dir='ltr'><strong>agonothetae</strong></span> <span class='ocrx_word' id='word_1_169' title='bbox 549 2417 685 2495; x_wconf 86' lang='lat' dir='ltr'><strong>choragis</strong></span> <span class='ocrx_word' id='word_1_170' title='bbox 704 2418 912 2477; x_wconf 87' lang='lat' dir='ltr'><strong>successerint.</strong></span> <span class='ocrx_word' id='word_1_171' title='bbox 949 2415 995 2475; x_wconf 92' lang='lat' dir='ltr'><strong>llli</strong></span> <span class='ocrx_word' id='word_1_172' title='bbox 1015 2433 1119 2476; x_wconf 87' lang='lat' dir='ltr'><strong>versus</strong></span> <span class='ocrx_word' id='word_1_173' title='bbox 1137 2415 1181 2474; x_wconf 89' lang='lat' dir='ltr'><strong>sic</strong></span> <span class='ocrx_word' id='word_1_174' title='bbox 1195 2414 1336 2493; x_wconf 92' lang='lat' dir='ltr'><strong>leguntur</strong></span> <span class='ocrx_word' id='word_1_175' title='bbox 1350 2407 1515 2498; x_wconf 80' lang='lat' dir='ltr'><strong>(159sq.):</strong></span> 
     </span>
    </p>
   </div>
   <div class='ocr_carea' id='block_1_3' title="bbox 425 2557 1346 2734">
    <p class='ocr_par' dir='ltr' id='par_1_5' title="bbox 396 2557 1346 2734">
     <span class='ocr_line' id='line_1_22' title="bbox 425 2557 1346 2634; baseline -0.002 -15.061"><span class='ocrx_word' id='word_1_176' title='bbox 425 2559 483 2619; x_wconf 88' lang='lat' dir='ltr'><strong>Sat.</strong></span> <span class='ocrx_word' id='word_1_177' title='bbox 529 2559 637 2622; x_wconf 77' lang='grc' dir='ltr'><strong><em>πόθεν</em></strong></span> <span class='ocrx_word' id='word_1_178' title='bbox 661 2563 863 2620; x_wconf 83' lang='lat' dir='ltr'><strong>ornamenta?</strong></span> <span class='ocrx_word' id='word_1_179' title='bbox 908 2557 958 2619; x_wconf 90' lang='lat' dir='ltr'><strong>To.</strong></span> <span class='ocrx_word' id='word_1_180' title='bbox 983 2561 1046 2618; x_wconf 79' lang='lat' dir='ltr'><strong>Abs</strong></span> <span class='ocrx_word' id='word_1_181' title='bbox 1069 2561 1205 2634; x_wconf 72' lang='lat' dir='ltr'><strong>chorago</strong></span> <span class='ocrx_word' id='word_1_182' title='bbox 1228 2561 1346 2618; x_wconf 83' lang='lat' dir='ltr'><strong>sumito.</strong></span> 
     </span>
     <span class='ocr_line' id='line_1_23' title="bbox 531 2658 1293 2734; baseline -0.001 -17"><span class='ocrx_word' id='word_1_183' title='bbox 531 2659 617 2719; x_wconf 86' lang='lat' dir='ltr'><strong>Dare</strong></span> <span class='ocrx_word' id='word_1_184' title='bbox 640 2659 743 2718; x_wconf 86' lang='lat' dir='ltr'><strong>debet:</strong></span> <span class='ocrx_word' id='word_1_185' title='bbox 759 2659 945 2734; x_wconf 81' lang='lat' dir='ltr'><strong>praehenda</strong></span> <span class='ocrx_word' id='word_1_186' title='bbox 969 2658 1084 2716; x_wconf 78' lang='lat' dir='ltr'><strong>aediles</strong></span> <span class='ocrx_word' id='word_1_187' title='bbox 1107 2661 1293 2716; x_wconf 83' lang='lat' dir='ltr'><strong>locauerunt.</strong></span> 
     </span>
    </p>
   </div>
   <div class='ocr_carea' id='block_1_4' title="bbox 334 2798 1515 4150">
    <p class='ocr_par' dir='ltr' id='par_1_6' title="bbox 334 2798 1515 4150">
     <span class='ocr_line' id='line_1_24' title="bbox 336 2798 1514 2879; baseline 0.001 -21"><span class='ocrx_word' id='word_1_188' title='bbox 336 2798 487 2877; x_wconf 86' lang='lat' dir='ltr'><strong>Choragus</strong></span> <span class='ocrx_word' id='word_1_189' title='bbox 523 2807 677 2879; x_wconf 91' lang='lat' dir='ltr'><strong>praeterea</strong></span> <span class='ocrx_word' id='word_1_190' title='bbox 714 2801 745 2858; x_wconf 93' lang='lat' dir='ltr'><strong>in</strong></span> <span class='ocrx_word' id='word_1_191' title='bbox 778 2799 939 2859; x_wconf 91' lang='lat' dir='ltr'><strong>comoediis</strong></span> <span class='ocrx_word' id='word_1_192' title='bbox 971 2798 1115 2859; x_wconf 90' lang='lat' dir='ltr'><strong>Plautinis</strong></span> <span class='ocrx_word' id='word_1_193' title='bbox 1148 2806 1397 2859; x_wconf 90' lang='lat' dir='ltr'><strong>commemoratur</strong></span> <span class='ocrx_word' id='word_1_194' title='bbox 1429 2798 1514 2859; x_wconf 88' lang='lat' dir='ltr'><strong>Trin.</strong></span> 
     </span>
     <span class='ocr_line' id='line_1_25' title="bbox 334 2892 1513 2974; baseline 0.002 -19"><span class='ocrx_word' id='word_1_195' title='bbox 334 2916 359 2956; x_wconf 88' lang='lat' dir='ltr'><strong>v.</strong></span> <span class='ocrx_word' id='word_1_196' title='bbox 385 2892 448 2958; x_wconf 78' lang='lat'><strong>857</strong></span> <span class='ocrx_word' id='word_1_197' title='bbox 479 2900 563 2974; x_wconf 87' lang='lat' dir='ltr'><strong>(Ipse</strong></span> <span class='ocrx_word' id='word_1_198' title='bbox 590 2907 772 2959; x_wconf 82' lang='lat' dir='ltr'><strong>ornamenta</strong></span> <span class='ocrx_word' id='word_1_199' title='bbox 795 2916 815 2957; x_wconf 86' lang='lat' dir='ltr'><strong>u</strong></span> <span class='ocrx_word' id='word_1_200' title='bbox 844 2899 979 2972; x_wconf 69' lang='lat' dir='ltr'><strong>chorago</strong></span> <span class='ocrx_word' id='word_1_201' title='bbox 1002 2902 1128 2974; x_wconf 80' lang='lat' dir='ltr'><strong>sumpsit</strong></span> <span class='ocrx_word' id='word_1_202' title='bbox 1154 2914 1209 2957; x_wconf 86' lang='lat' dir='ltr'><strong>suc</strong></span> <span class='ocrx_word' id='word_1_203' title='bbox 1226 2900 1400 2973; x_wconf 78' lang='lat' dir='ltr'><strong>periculo),</strong></span> <span class='ocrx_word' id='word_1_204' title='bbox 1428 2905 1459 2958; x_wconf 92' lang='lat' dir='ltr'><strong>et</strong></span> <span class='ocrx_word' id='word_1_205' title='bbox 1480 2899 1513 2957; x_wconf 92' lang='lat' dir='ltr'><strong>in</strong></span> 
     </span>
     <span class='ocr_line' id='line_1_26' title="bbox 335 2993 1515 3076; baseline -0.003 -18"><span class='ocrx_word' id='word_1_206' title='bbox 335 2995 528 3075; x_wconf 74' lang='lat' dir='ltr'><strong>Curculione,</strong></span> <span class='ocrx_word' id='word_1_207' title='bbox 556 2999 641 3058; x_wconf 90' lang='lat' dir='ltr'><strong>cuius</strong></span> <span class='ocrx_word' id='word_1_208' title='bbox 668 2993 865 3076; x_wconf 81' lang='lat' dir='ltr'><strong>„parabasin“</strong></span> <span class='ocrx_word' id='word_1_209' title='bbox 893 2997 957 3074; x_wconf 91' lang='lat' dir='ltr'><strong>ipse</strong></span> <span class='ocrx_word' id='word_1_210' title='bbox 982 2995 1127 3073; x_wconf 89' lang='lat' dir='ltr'><strong>choragus</strong></span> <span class='ocrx_word' id='word_1_211' title='bbox 1151 2994 1253 3055; x_wconf 89' lang='lat' dir='ltr'><strong>dicens</strong></span> <span class='ocrx_word' id='word_1_212' title='bbox 1276 2994 1438 3056; x_wconf 91' lang='lat' dir='ltr'><strong>inducitur.</strong></span> <span class='ocrx_word' id='word_1_213' title='bbox 1483 2995 1515 3055; x_wconf 91' lang='lat' dir='ltr'><strong>Is</strong></span> 
     </span>
     <span class='ocr_line' id='line_1_27' title="bbox 334 3091 1513 3176; baseline -0.001 -23"><span class='ocrx_word' id='word_1_214' title='bbox 334 3111 422 3154; x_wconf 89' lang='lat' dir='ltr'><strong>versu</strong></span> <span class='ocrx_word' id='word_1_215' title='bbox 455 3091 522 3154; x_wconf 89' lang='grc'><strong>464</strong></span> <span class='ocrx_word' id='word_1_216' title='bbox 549 3097 669 3173; x_wconf 91' lang='lat' dir='ltr'><strong>metuit,</strong></span> <span class='ocrx_word' id='word_1_217' title='bbox 699 3103 732 3156; x_wconf 89' lang='lat' dir='ltr'><strong>ut</strong></span> <span class='ocrx_word' id='word_1_218' title='bbox 765 3101 937 3154; x_wconf 88' lang='lat' dir='ltr'><strong>ornamenta</strong></span> <span class='ocrx_word' id='word_1_219' title='bbox 971 3112 1046 3176; x_wconf 81' lang='lat' dir='ltr'><strong>quae</strong></span> <span class='ocrx_word' id='word_1_220' title='bbox 1074 3093 1216 3154; x_wconf 90' lang='lat' dir='ltr'><strong>locaverit</strong></span> <span class='ocrx_word' id='word_1_221' title='bbox 1247 3095 1382 3171; x_wconf 90' lang='lat' dir='ltr'><strong>recipere</strong></span> <span class='ocrx_word' id='word_1_222' title='bbox 1410 3093 1513 3172; x_wconf 88' lang='lat' dir='ltr'><strong>possit.</strong></span> 
     </span>
     <span class='ocr_line' id='line_1_28' title="bbox 335 3190 1513 3270; baseline 0 -20"><span class='ocrx_word' id='word_1_223' title='bbox 335 3191 577 3252; x_wconf 85' lang='lat' dir='ltr'><strong>Wilamouitz</strong></span> <span class='ocrx_word' id='word_1_224' title='bbox 600 3194 737 3270; x_wconf 86' lang='lat' dir='ltr'><strong>miratur,</strong></span> <span class='ocrx_word' id='word_1_225' title='bbox 761 3191 840 3270; x_wconf 92' lang='lat' dir='ltr'><strong>quod</strong></span> <span class='ocrx_word' id='word_1_226' title='bbox 862 3210 930 3252; x_wconf 93' lang='lat' dir='ltr'><strong>cum</strong></span> <span class='ocrx_word' id='word_1_227' title='bbox 949 3192 980 3251; x_wconf 91' lang='lat' dir='ltr'><strong>in</strong></span> <span class='ocrx_word' id='word_1_228' title='bbox 1000 3191 1174 3251; x_wconf 89' lang='lat' dir='ltr'><strong>Trinummo</strong></span> <span class='ocrx_word' id='word_1_229' title='bbox 1198 3199 1227 3251; x_wconf 93' lang='lat' dir='ltr'><strong>et</strong></span> <span class='ocrx_word' id='word_1_230' title='bbox 1246 3190 1423 3251; x_wconf 86' lang='lat' dir='ltr'><strong>Curculione</strong></span> <span class='ocrx_word' id='word_1_231' title='bbox 1444 3191 1513 3250; x_wconf 91' lang='lat' dir='ltr'><strong>cho·</strong></span> 
     </span>
     <span class='ocr_line' id='line_1_29' title="bbox 336 3288 1514 3368; baseline 0 -20"><span class='ocrx_word' id='word_1_232' title='bbox 336 3307 425 3368; x_wconf 89' lang='lat' dir='ltr'><strong>ragus</strong></span> <span class='ocrx_word' id='word_1_233' title='bbox 449 3298 621 3351; x_wconf 89' lang='lat' dir='ltr'><strong>omamenta</strong></span> <span class='ocrx_word' id='word_1_234' title='bbox 645 3289 730 3367; x_wconf 90' lang='lat' dir='ltr'><strong>locet,</strong></span> <span class='ocrx_word' id='word_1_235' title='bbox 753 3291 785 3348; x_wconf 94' lang='lat' dir='ltr'><strong>in</strong></span> <span class='ocrx_word' id='word_1_236' title='bbox 808 3288 899 3349; x_wconf 92' lang='lat' dir='ltr'><strong>Persa</strong></span> <span class='ocrx_word' id='word_1_237' title='bbox 927 3289 963 3350; x_wconf 94' lang='lat' dir='ltr'><strong>ab</strong></span> <span class='ocrx_word' id='word_1_238' title='bbox 991 3289 1136 3350; x_wconf 89' lang='lat' dir='ltr'><strong>aedilibus</strong></span> <span class='ocrx_word' id='word_1_239' title='bbox 1159 3289 1253 3350; x_wconf 92' lang='lat' dir='ltr'><strong>locata</strong></span> <span class='ocrx_word' id='word_1_240' title='bbox 1277 3289 1409 3366; x_wconf 86' lang='lat' dir='ltr'><strong>accipiat</strong></span> <span class='ocrx_word' id='word_1_241' title='bbox 1455 3288 1514 3348; x_wconf 83' lang='lat' dir='ltr'><strong>lta-</strong></span> 
     </span>
     <span class='ocr_line' id='line_1_30' title="bbox 335 3385 1514 3467; baseline -0.002 -20"><span class='ocrx_word' id='word_1_242' title='bbox 335 3406 392 3466; x_wconf 87' lang='lat' dir='ltr'><strong>que</strong></span> <span class='ocrx_word' id='word_1_243' title='bbox 416 3386 568 3467; x_wconf 90' lang='lat' dir='ltr'><strong>probabile</strong></span> <span class='ocrx_word' id='word_1_244' title='bbox 593 3405 659 3448; x_wconf 90' lang='lat' dir='ltr'><strong>esse</strong></span> <span class='ocrx_word' id='word_1_245' title='bbox 683 3386 820 3448; x_wconf 91' lang='lat' dir='ltr'><strong>Plautum</strong></span> <span class='ocrx_word' id='word_1_246' title='bbox 843 3389 875 3447; x_wconf 92' lang='lat' dir='ltr'><strong>in</strong></span> <span class='ocrx_word' id='word_1_247' title='bbox 899 3387 1060 3466; x_wconf 85' lang='lat' dir='ltr'><strong>exemplari</strong></span> <span class='ocrx_word' id='word_1_248' title='bbox 1084 3387 1244 3464; x_wconf 89' lang='lat' dir='ltr'><strong>choragum</strong></span> <span class='ocrx_word' id='word_1_249' title='bbox 1267 3385 1430 3461; x_wconf 82' lang='lat' dir='ltr'><strong>invenisse,</strong></span> <span class='ocrx_word' id='word_1_250' title='bbox 1457 3403 1514 3463; x_wconf 90' lang='lat' dir='ltr'><strong>pro</strong></span> 
     </span>
     <span class='ocr_line' id='line_1_31' title="bbox 335 3480 1514 3565; baseline -0.003 -19"><span class='ocrx_word' id='word_1_251' title='bbox 335 3505 393 3565; x_wconf 82' lang='lat' dir='ltr'><strong>quo</strong></span> <span class='ocrx_word' id='word_1_252' title='bbox 417 3485 528 3545; x_wconf 89' lang='lat' dir='ltr'><strong>aediles</strong></span> <span class='ocrx_word' id='word_1_253' title='bbox 551 3487 708 3564; x_wconf 82' lang='lat' dir='ltr'><strong>posuisset</strong></span> <span class='ocrx_word' id='word_1_254' title='bbox 755 3485 865 3545; x_wconf 89' lang='lat' dir='ltr'><strong>Facere</strong></span> <span class='ocrx_word' id='word_1_255' title='bbox 890 3504 948 3545; x_wconf 91' lang='lat' dir='ltr'><strong>nou</strong></span> <span class='ocrx_word' id='word_1_256' title='bbox 971 3504 1107 3564; x_wconf 88' lang='lat' dir='ltr'><strong>possum,</strong></span> <span class='ocrx_word' id='word_1_257' title='bbox 1134 3492 1168 3544; x_wconf 92' lang='lat' dir='ltr'><strong>ut</strong></span> <span class='ocrx_word' id='word_1_258' title='bbox 1192 3485 1219 3542; x_wconf 92' lang='lat' dir='ltr'><strong>ei</strong></span> <span class='ocrx_word' id='word_1_259' title='bbox 1243 3483 1396 3542; x_wconf 90' lang='lat' dir='ltr'><strong>assentiar.</strong></span> <span class='ocrx_word' id='word_1_260' title='bbox 1442 3480 1514 3543; x_wconf 86' lang='lat' dir='ltr'><strong>Om-</strong></span> 
     </span>
     <span class='ocr_line' id='line_1_32' title="bbox 336 3577 1514 3661; baseline -0.001 -19"><span class='ocrx_word' id='word_1_261' title='bbox 336 3585 406 3642; x_wconf 93' lang='lat' dir='ltr'><strong>nino</strong></span> <span class='ocrx_word' id='word_1_262' title='bbox 431 3584 510 3642; x_wconf 93' lang='lat' dir='ltr'><strong>enim</strong></span> <span class='ocrx_word' id='word_1_263' title='bbox 533 3582 591 3661; x_wconf 92' lang='lat' dir='ltr'><strong>hic,</strong></span> <span class='ocrx_word' id='word_1_264' title='bbox 614 3581 667 3642; x_wconf 94' lang='lat' dir='ltr'><strong>ubi</strong></span> <span class='ocrx_word' id='word_1_265' title='bbox 689 3583 805 3644; x_wconf 92' lang='lat' dir='ltr'><strong>nonde</strong></span> <span class='ocrx_word' id='word_1_266' title='bbox 828 3584 904 3643; x_wconf 92' lang='lat' dir='ltr'><strong>lictis</strong></span> <span class='ocrx_word' id='word_1_267' title='bbox 924 3583 1013 3643; x_wconf 90' lang='lat' dir='ltr'><strong>rebus</strong></span> <span class='ocrx_word' id='word_1_268' title='bbox 1033 3589 1083 3641; x_wconf 93' lang='lat' dir='ltr'><strong>aut</strong></span> <span class='ocrx_word' id='word_1_269' title='bbox 1101 3582 1277 3659; x_wconf 82' lang='lat' dir='ltr'><strong>peregrinis,</strong></span> <span class='ocrx_word' id='word_1_270' title='bbox 1301 3577 1353 3639; x_wconf 91' lang='lat' dir='ltr'><strong>sed</strong></span> <span class='ocrx_word' id='word_1_271' title='bbox 1378 3579 1413 3640; x_wconf 92' lang='lat' dir='ltr'><strong>de</strong></span> <span class='ocrx_word' id='word_1_272' title='bbox 1433 3583 1514 3641; x_wconf 87' lang='lat' dir='ltr'><strong>veris</strong></span> 
     </span>
     <span class='ocr_line' id='line_1_33' title="bbox 336 3678 1513 3759; baseline -0.002 -19"><span class='ocrx_word' id='word_1_273' title='bbox 336 3688 365 3740; x_wconf 93' lang='lat' dir='ltr'><strong>et</strong></span> <span class='ocrx_word' id='word_1_274' title='bbox 392 3679 532 3740; x_wconf 85' lang='lat' dir='ltr'><strong>Romanis</strong></span> <span class='ocrx_word' id='word_1_275' title='bbox 561 3679 651 3740; x_wconf 89' lang='lat' dir='ltr'><strong>rebus</strong></span> <span class='ocrx_word' id='word_1_276' title='bbox 685 3699 783 3741; x_wconf 91' lang='lat' dir='ltr'><strong>sermo</strong></span> <span class='ocrx_word' id='word_1_277' title='bbox 814 3688 890 3759; x_wconf 89' lang='lat' dir='ltr'><strong>erat,</strong></span> <span class='ocrx_word' id='word_1_278' title='bbox 918 3698 977 3740; x_wconf 92' lang='lat' dir='ltr'><strong>non</strong></span> <span class='ocrx_word' id='word_1_279' title='bbox 1009 3678 1134 3739; x_wconf 92' lang='lat' dir='ltr'><strong>debebat</strong></span> <span class='ocrx_word' id='word_1_280' title='bbox 1164 3680 1250 3737; x_wconf 85' lang='lat' dir='ltr'><strong>anxie</strong></span> <span class='ocrx_word' id='word_1_281' title='bbox 1281 3679 1513 3756; x_wconf 90' lang='lat' dir='ltr'><strong>circumspicere</strong></span> 
     </span>
     <span class='ocr_line' id='line_1_34' title="bbox 335 3764 1513 3857; baseline -0.002 -19"><span class='ocrx_word' id='word_1_282' title='bbox 335 3785 431 3857; x_wconf 89' lang='lat' dir='ltr'><strong>poeta,</strong></span> <span class='ocrx_word' id='word_1_283' title='bbox 455 3764 526 3856; x_wconf 74' lang='lat' dir='ltr'><strong>quid</strong></span> <span class='ocrx_word' id='word_1_284' title='bbox 545 3779 575 3836; x_wconf 90' lang='lat' dir='ltr'><strong>in</strong></span> <span class='ocrx_word' id='word_1_285' title='bbox 596 3777 707 3839; x_wconf 88' lang='lat' dir='ltr'><strong>Graeco</strong></span> <span class='ocrx_word' id='word_1_286' title='bbox 727 3797 780 3839; x_wconf 90' lang='lat' dir='ltr'><strong>suo</strong></span> <span class='ocrx_word' id='word_1_287' title='bbox 800 3778 962 3857; x_wconf 83' lang='lat' dir='ltr'><strong>exemplari</strong></span> <span class='ocrx_word' id='word_1_288' title='bbox 982 3785 1074 3838; x_wconf 89' lang='lat' dir='ltr'><strong>esset:</strong></span> <span class='ocrx_word' id='word_1_289' title='bbox 1094 3784 1275 3855; x_wconf 78' lang='lat' dir='ltr'><strong>quapropter</strong></span> <span class='ocrx_word' id='word_1_290' title='bbox 1293 3778 1382 3836; x_wconf 91' lang='lat' dir='ltr'><strong>etiam</strong></span> <span class='ocrx_word' id='word_1_291' title='bbox 1401 3775 1513 3836; x_wconf 88' lang='lat' dir='ltr'><strong>aediles</strong></span> 
     </span>
     <span class='ocr_line' id='line_1_35' title="bbox 337 3871 1512 3956; baseline -0.003 -20"><span class='ocrx_word' id='word_1_292' title='bbox 337 3884 407 3936; x_wconf 89' lang='lat' dir='ltr'><strong>sunt</strong></span> <span class='ocrx_word' id='word_1_293' title='bbox 430 3875 540 3937; x_wconf 92' lang='lat' dir='ltr'><strong>aediles</strong></span> <span class='ocrx_word' id='word_1_294' title='bbox 560 3875 751 3955; x_wconf 88' lang='lat' dir='ltr'><strong>intellegendi</strong></span> <span class='ocrx_word' id='word_1_295' title='bbox 770 3895 867 3955; x_wconf 90' lang='lat' dir='ltr'><strong>neque</strong></span> <span class='ocrx_word' id='word_1_296' title='bbox 887 3871 1094 3956; x_wconf 77' lang='grc' dir='ltr'><strong><em>ἀγωνοθέται</em></strong></span> <span class='ocrx_word' id='word_1_297' title='bbox 1114 3874 1222 3954; x_wconf 92' lang='lat' dir='ltr'><strong>populo</strong></span> <span class='ocrx_word' id='word_1_298' title='bbox 1242 3873 1362 3954; x_wconf 90' lang='lat' dir='ltr'><strong>quidem</strong></span> <span class='ocrx_word' id='word_1_299' title='bbox 1379 3873 1512 3934; x_wconf 84' lang='lat' dir='ltr'><strong>Romano</strong></span> 
     </span>
     <span class='ocr_line' id='line_1_36' title="bbox 336 3972 1513 4053; baseline -0.001 -20"><span class='ocrx_word' id='word_1_300' title='bbox 336 3975 429 4052; x_wconf 89' lang='lat' dir='ltr'><strong>ignoti</strong></span> <span class='ocrx_word' id='word_1_301' title='bbox 461 3991 559 4052; x_wconf 92' lang='lat' dir='ltr'><strong>neque</strong></span> <span class='ocrx_word' id='word_1_302' title='bbox 587 3974 720 4053; x_wconf 84' lang='lat' dir='ltr'><strong>choragi,</strong></span> <span class='ocrx_word' id='word_1_303' title='bbox 753 3981 787 4034; x_wconf 92' lang='lat' dir='ltr'><strong>ut</strong></span> <span class='ocrx_word' id='word_1_304' title='bbox 819 3992 1071 4053; x_wconf 89' lang='lat' dir='ltr'><strong>supervacaneum</strong></span> <span class='ocrx_word' id='word_1_305' title='bbox 1100 3981 1130 4034; x_wconf 91' lang='lat' dir='ltr'><strong>et</strong></span> <span class='ocrx_word' id='word_1_306' title='bbox 1156 3972 1261 4034; x_wconf 92' lang='lat' dir='ltr'><strong>inutile</strong></span> <span class='ocrx_word' id='word_1_307' title='bbox 1290 3973 1330 4033; x_wconf 93' lang='lat' dir='ltr'><strong>sit</strong></span> <span class='ocrx_word' id='word_1_308' title='bbox 1359 3990 1513 4051; x_wconf 89' lang='lat' dir='ltr'><strong>quaerere,</strong></span> 
     </span>
     <span class='ocr_line' id='line_1_37' title="bbox 337 4070 1511 4150; baseline -0.002 -18"><span class='ocrx_word' id='word_1_309' title='bbox 337 4070 409 4150; x_wconf 90' lang='lat' dir='ltr'><strong>quid</strong></span> <span class='ocrx_word' id='word_1_310' title='bbox 441 4071 609 4150; x_wconf 85' lang='lat' dir='ltr'><strong>exemplum</strong></span> <span class='ocrx_word' id='word_1_311' title='bbox 642 4071 788 4133; x_wconf 88' lang='lat' dir='ltr'><strong>Graecum</strong></span> <span class='ocrx_word' id='word_1_312' title='bbox 821 4072 996 4133; x_wconf 82' lang='lat' dir='ltr'><strong>exhibuerit.</strong></span> <span class='ocrx_word' id='word_1_313' title='bbox 1051 4071 1164 4132; x_wconf 86' lang='lat' dir='ltr'><strong>Deinde</strong></span> <span class='ocrx_word' id='word_1_314' title='bbox 1201 4079 1300 4132; x_wconf 91' lang='lat' dir='ltr'><strong>autem</strong></span> <span class='ocrx_word' id='word_1_315' title='bbox 1336 4088 1443 4130; x_wconf 87' lang='lat' dir='ltr'><strong>vereor</strong></span> <span class='ocrx_word' id='word_1_316' title='bbox 1473 4087 1511 4130; x_wconf 90' lang='lat' dir='ltr'><strong>ne</strong></span> 
     </span>
    </p>
   </div>
   <div class='ocr_carea' id='block_1_5' title="bbox 335 4241 1515 4554">
    <p class='ocr_par' dir='ltr' id='par_1_7' title="bbox 335 4241 1515 4554">
     <span class='ocr_line' id='line_1_38' title="bbox 391 4241 1515 4317; baseline 0 -21"><span class='ocrx_word' id='word_1_317' title='bbox 391 4305 393 4310; x_wconf 27' lang='lat'><strong>¹</strong></span> <span class='ocrx_word' id='word_1_318' title='bbox 428 4245 452 4312; x_wconf 90' lang='lat'><strong>1)</strong></span> <span class='ocrx_word' id='word_1_319' title='bbox 472 4241 512 4297; x_wconf 84' lang='lat' dir='ltr'><strong>ct</strong></span> <span class='ocrx_word' id='word_1_320' title='bbox 532 4261 559 4313; x_wconf 92' lang='lat' dir='ltr'><strong>p.</strong></span> <span class='ocrx_word' id='word_1_321' title='bbox 576 4249 622 4298; x_wconf 79' lang='lat'><strong>26:</strong></span> <span class='ocrx_word' id='word_1_322' title='bbox 642 4245 847 4315; x_wconf 83' lang='lat' dir='ltr'><strong>Argumentum</strong></span> <span class='ocrx_word' id='word_1_323' title='bbox 866 4245 947 4299; x_wconf 87' lang='lat' dir='ltr'><strong>nobis</strong></span> <span class='ocrx_word' id='word_1_324' title='bbox 966 4262 1053 4317; x_wconf 87' lang='lat' dir='ltr'><strong>unum</strong></span> <span class='ocrx_word' id='word_1_325' title='bbox 1073 4246 1123 4309; x_wconf 74' lang='lat' dir='ltr'><strong>est,</strong></span> <span class='ocrx_word' id='word_1_326' title='bbox 1144 4243 1219 4312; x_wconf 87' lang='lat' dir='ltr'><strong>quod</strong></span> <span class='ocrx_word' id='word_1_327' title='bbox 1237 4259 1253 4297; x_wconf 87' lang='lat' dir='ltr'><strong>e</strong></span> <span class='ocrx_word' id='word_1_328' title='bbox 1272 4243 1419 4297; x_wconf 76' lang='lat' dir='ltr'><strong>Persarum</strong></span> <span class='ocrx_word' id='word_1_329' title='bbox 1432 4242 1515 4310; x_wconf 89' lang='lat' dir='ltr'><strong>regni</strong></span> 
     </span>
     <span class='ocr_line' id='line_1_39' title="bbox 337 4322 1514 4393; baseline 0 -17"><span class='ocrx_word' id='word_1_330' title='bbox 337 4324 600 4378; x_wconf 72' lang='lat' dir='ltr'><strong>commemoratione</strong></span> <span class='ocrx_word' id='word_1_331' title='bbox 618 4324 813 4393; x_wconf 77' lang='lat' dir='ltr'><strong>repetivimus:</strong></span> <span class='ocrx_word' id='word_1_332' title='bbox 838 4326 931 4379; x_wconf 77' lang='lat' dir='ltr'><strong>cetero</strong></span> <span class='ocrx_word' id='word_1_333' title='bbox 956 4325 1050 4378; x_wconf 84' lang='lat' dir='ltr'><strong>omnio</strong></span> <span class='ocrx_word' id='word_1_334' title='bbox 1068 4340 1101 4377; x_wconf 88' lang='lat' dir='ltr'><strong>eo</strong></span> <span class='ocrx_word' id='word_1_335' title='bbox 1120 4323 1238 4377; x_wconf 88' lang='lat' dir='ltr'><strong>consilio</strong></span> <span class='ocrx_word' id='word_1_336' title='bbox 1258 4322 1403 4392; x_wconf 79' lang='lat' dir='ltr'><strong>disputabo</strong></span> <span class='ocrx_word' id='word_1_337' title='bbox 1421 4324 1514 4389; x_wconf 81' lang='lat' dir='ltr'><strong>sunio,</strong></span> 
     </span>
     <span class='ocr_line' id='line_1_40' title="bbox 336 4403 1514 4477; baseline -0.001 -21"><span class='ocrx_word' id='word_1_338' title='bbox 336 4407 369 4457; x_wconf 82' lang='lat' dir='ltr'><strong>ut</strong></span> <span class='ocrx_word' id='word_1_339' title='bbox 387 4403 620 4460; x_wconf 79' lang='lat' dir='ltr'><strong>Demosthenieoe</strong></span> <span class='ocrx_word' id='word_1_340' title='bbox 644 4405 733 4460; x_wconf 78' lang='lat' dir='ltr'><strong>aetati</strong></span> <span class='ocrx_word' id='word_1_341' title='bbox 756 4421 888 4477; x_wconf 83' lang='lat' dir='ltr'><strong>gruecem</strong></span> <span class='ocrx_word' id='word_1_342' title='bbox 912 4405 1085 4460; x_wconf 86' lang='lat' dir='ltr'><strong>comoediam</strong></span> <span class='ocrx_word' id='word_1_343' title='bbox 1109 4421 1126 4457; x_wconf 86' lang='lat' dir='ltr'><strong>a</strong></span> <span class='ocrx_word' id='word_1_344' title='bbox 1145 4403 1246 4457; x_wconf 78' lang='lat' dir='ltr'><strong>Plauto</strong></span> <span class='ocrx_word' id='word_1_345' title='bbox 1270 4418 1429 4472; x_wconf 76' lang='lat' dir='ltr'><strong>expressam</strong></span> <span class='ocrx_word' id='word_1_346' title='bbox 1448 4418 1514 4455; x_wconf 89' lang='lat' dir='ltr'><strong>oon·</strong></span> 
     </span>
     <span class='ocr_line' id='line_1_41' title="bbox 335 4485 594 4554; baseline 0.012 -17"><span class='ocrx_word' id='word_1_347' title='bbox 335 4485 431 4540; x_wconf 79' lang='lat' dir='ltr'><strong>venire</strong></span> <span class='ocrx_word' id='word_1_348' title='bbox 450 4488 594 4554; x_wconf 79' lang='lat' dir='ltr'><strong>appareat.</strong></span> 
     </span>
    </p>
   </div>
   <div class='ocr_carea' id='block_1_6' title="bbox 0 0 1646 5192">
    <p class='ocr_par' dir='ltr' id='par_1_8' title="bbox 0 0 1646 5192">
     <span class='ocr_line' id='line_1_42' title="bbox 0 0 1646 5192; baseline 0 0"><span class='ocrx_word' id='word_1_349' title='bbox 0 0 1646 5192; x_wconf 95' lang='lat' dir='ltr'><strong> </strong></span> 
     </span>
    </p>
   </div>
  </div>
 </body>
</html>
