3275 5192
796 360 1039 426 —186-

327 562 387 604 uon
411 562 534 624 prorsus
557 551 640 605 certo
663 543 842 604 concludere
866 537 993 626 audeo¹)
1017 542 1067 603 illo
1090 551 1224 622 tempore
1242 561 1302 622 quo
1319 542 1409 604 Persa
1427 561 1512 603 com·

328 644 423 722 posita
452 649 499 703 est
525 660 627 721 regem
654 640 814 702 Persarum
842 658 901 701 nou
928 643 987 701 iam
1015 641 1108 702 luisse
1135 640 1353 720 Persarumque
1380 659 1511 720 reguum

327 739 531 820 intercidisse,
567 747 666 801 tamen
698 757 774 818 nego
807 747 896 818 atque
928 757 1060 818 pernego
1092 746 1173 800 tanta
1205 738 1313 800 fiducia
1345 741 1430 817 quasi
1458 757 1511 799 res

326 845 412 900 extra
436 837 649 899 dubitationem
667 839 762 917 posita
781 844 862 898 esset
884 836 915 898 id
939 839 1036 898 conici
1053 855 1151 916 posse,
1174 835 1254 916 quod
1272 835 1510 897 Wilamou'itz

326 943 359 996 et
382 935 450 997 Leo
473 938 674 997 coniecerunt.

418 1051 476 1113 Sed
499 1059 602 1113 contra
626 1051 734 1112 dixerit
756 1053 914 1131 quispiam,
938 1053 964 1112 si
982 1051 1142 1112 Persarum
1165 1071 1291 1132 regnum
1310 1050 1512 1129 interciderit,

328 1167 366 1210 ne
389 1148 496 1211 Persas
519 1149 640 1229 quidem
662 1148 773 1211 bellum
797 1158 936 1227 gerentes
959 1150 1031 1228 tingi
1052 1151 1193 1228 potuisse,
1240 1148 1298 1210 Sed
1322 1148 1399 1229 apud
1422 1148 1512 1210 Plau·

325 1255 392 1308 tum
410 1247 516 1309 Persas
540 1267 599 1309 non
619 1256 678 1308 tam
697 1246 831 1326 intellegi
849 1246 1008 1308 Persarum
1029 1250 1114 1326 regni
1137 1247 1249 1309 incolas
1268 1265 1356 1327 quarn
1374 1246 1513 1308 Persidis

327 1348 511 1426 provinciae,
539 1365 614 1425 quae
642 1348 732 1407 etiam
760 1355 917 1426 postquam
940 1345 1099 1407 Persarum
1127 1365 1253 1425 regnum
1280 1348 1395 1407 interiit
1416 1363 1512 1425 porro

328 1446 501 1524 permansit,
520 1443 756 1506 luculentissime
774 1443 881 1524 probat
898 1443 974 1505 alter
991 1443 1075 1505 locus
1089 1444 1252 1523 Plautinus,
1275 1464 1333 1523 quo
1347 1444 1513 1504 Persarum

328 1543 440 1602 mentio
460 1542 505 1603 lit:
530 1541 716 1603 Curculionis
737 1541 811 1621 dico,
831 1561 889 1621 qua
907 1544 938 1602 in
958 1540 1056 1603 labula
1075 1541 1215 1604 Curculio
1233 1545 1381 1622 parasitus
1395 1541 1513 1621 Lyconi

328 1641 487 1718 trapezitae
506 1642 711 1720 interroganti,
730 1659 821 1720 quam
839 1639 876 1700 ob
898 1659 962 1701 rem
981 1640 1257 1720 Therapontigonus
1276 1640 1364 1701 miles·
1379 1648 1513 1701 statuam

327 1737 387 1798 sibi
410 1745 564 1799 exstruere
587 1738 666 1818 velit,
689 1739 763 1799 baec
787 1737 949 1818 respondet
972 1731 1053 1821 (442
1063 1733 1156 1823 sqq.):

541 1892 665 1951 Dicam:
688 1895 762 1966 qnia
785 1895 865 1951 enim
889 1892 1009 1965 Persas,
1034 1892 1258 1967 Paphlagonas,

490 1990 629 2065 Sinopes,
653 1989 780 2063 Arabes,
809 1989 915 2064 Caras,
942 1989 1099 2067 Oretanos,
1122 1989 1225 2065 Syros,

490 2087 642 2148 Rhodiam
665 2095 758 2163 atque
780 2088 917 2164 Lyciam,
942 2088 1105 2147 Perediam
1128 2094 1158 2147 et
1181 2088 1388 2147 Perbibesiam

490 2284 617 2358 Subcait
638 2287 719 2343 solas
742 2288 827 2344 intra
850 2287 960 2360 viginti
983 2286 1057 2343 dies.

328 2433 421 2495 Nemo
446 2437 504 2495 erit
526 2437 578 2513 qni
596 2435 652 2495 boc
671 2433 736 2495 loco
755 2434 862 2494 Persas
880 2437 966 2513 regui
983 2433 1142 2494 Persarum
1161 2433 1273 2494 incolas
1291 2433 1510 2512 intellegendos

326 2550 394 2593 esse
426 2541 559 2613 censeat,
592 2531 645 2594 sed
675 2535 882 2612 unusquisque
910 2531 1107 2592 Huelluero
1136 2534 1331 2611 assentietur,
1362 2534 1413 2611 qui
1435 2531 1510 2592 Per·

327 2631 402 2692 sidis
431 2633 602 2710 provinciae
631 2629 744 2691 incolas
775 2630 834 2691 dici
864 2638 945 2691 recte
976 2629 1130 2691 contendit
1159 2623 1202 2712 (p.
1221 2624 1294 2713 20),
1324 2632 1393 2708 quia
1423 2632 1510 2709 inep-

328 2737 391 2790 tum
420 2735 508 2808 esset,
537 2731 562 2789 si
589 2735 677 2808 poeta
704 2735 765 2788 toto
794 2747 886 2807 regno
915 2736 1143 2789 commemorato
1177 2727 1308 2806 singulas
1339 2730 1510 2808 provincias

327 2827 520 2888 adiunxisset
557 2827 637 2888 Alias
656 2845 773 2906 quoque
792 2827 899 2888 Persas
919 2819 1081 2909 (Πέρσας)
1101 2845 1160 2887 non
1180 2829 1265 2905 regni
1285 2825 1321 2886 ab
1340 2824 1508 2887 Alexandro

327 2925 428 3004 deleti,
447 2924 499 2986 sed
513 2925 644 2986 Persidis
657 2927 829 3004 provinciae
848 2923 959 2985 incolas
975 2923 1034 2985 dici
1047 2924 1154 3004 probat
1166 2924 1344 2985 Diodorus
1359 2925 1425 2986 Sic.
1440 2923 1510 2984 xlx

327 3021 381 3103 92,
399 3021 429 3084 4.
475 3022 538 3084 Hoc
566 3025 646 3084 enim
673 3023 738 3083 loco
765 3023 912 3084 Diodorus
943 3030 1100 3103 postquam
1127 3022 1305 3084 Nicanorem
1338 3024 1437 3102 copias
1470 3041 1509 3082 ex

328 3121 425 3182 Media
449 3129 478 3182 et
501 3121 623 3182 Perside
647 3140 835 3200 comparasse
859 3123 990 3182 narravit
1013 3115 1146 3205 (921),
1169 3120 1328 3182 Persarum
1351 3128 1508 3200 satrapam,

327 3237 397 3281 cum
421 3219 563 3280 Seleucus
587 3227 676 3280 noctu
700 3222 889 3297 repentinum
917 3221 1061 3299 impetum
1089 3220 1223 3298 lecisset,
1254 3218 1398 3279 cecidisse
1427 3237 1507 3278 com-

328 3325 481 3378 memorat
518 3316 599 3378 Nulli
623 3316 712 3377 dubio
733 3316 893 3378 obnoxium
917 3324 963 3378 est
986 3320 1057 3397 quin
1080 3317 1189 3378 Persae
1212 3317 1268 3376 boc
1291 3315 1356 3375 loco
1375 3315 1507 3377 Persidis

328 3419 499 3496 provinciae
523 3415 637 3476 incolae
661 3417 729 3476 sint.
766 3415 862 3494 Atque
885 3416 940 3476 bos
964 3417 1053 3477 etiam
1075 3417 1240 3494 posteriore
1265 3416 1324 3473 ie.
1349 3410 1506 3475 diadocho-

329 3516 397 3575 rum
417 3522 511 3575 aetate
531 3531 615 3574 suam
638 3512 786 3592 quandam
808 3513 949 3575 babuisse
969 3532 1032 3573 rem
1052 3511 1200 3591 publicam
1219 3518 1307 3589 atque
1326 3512 1398 3571 satis
1412 3509 1505 3572 libere

328 3631 362 3673 se
391 3614 520 3692 gessisse
544 3619 647 3671 contra
670 3610 845 3671 Macedonas
868 3610 974 3690 probat
996 3610 1076 3670 idem
1098 3608 1245 3669 Diodorus
1264 3607 1323 3668 Sic.
1346 3607 1387 3668 IX
1404 3604 1457 3687 48,
1476 3607 1505 3672 5.

418 3709 520 3788 ltaque
543 3707 674 3769 Persidis
697 3710 867 3788 provinciae
897 3707 1010 3768 incolas
1037 3708 1069 3767 in
1092 3706 1183 3767 Persa
1205 3705 1340 3767 Plautina
1366 3707 1447 3768 illam
1474 3710 1505 3768 iu

328 3806 466 3869 Arabiam
495 3806 713 3885 expeditionem
742 3807 910 3884 suscepisse
939 3804 999 3865 dici
1027 3823 1116 3883 posse
1148 3804 1234 3865 lacilc
1266 3805 1379 3866 credas.
1423 3804 1506 3867 Hanc

329 3924 362 3967 re
386 3923 455 3966 vera
478 3905 585 3965 iactam
609 3923 674 3964 csse
697 3906 821 3964 minime
845 3902 1004 3982 contendo,
1028 3903 1080 3964 sed
1104 3902 1188 3963 lacile
1212 3923 1229 3964 a
1251 3913 1338 3982 poeta
1361 3904 1432 3983 tingi
1454 3922 1505 3982 po·

329 4006 423 4066 tuisse
454 4003 490 4062 ad
521 4001 728 4081 decipiendum
758 4002 896 4062 lenonem
927 4020 962 4062 ex
993 4003 1037 4061 eis
1067 4019 1143 4081 quae
1170 4020 1198 4080 p.
1216 3996 1279 4062 183
1290 4020 1352 4081 sqq.
1378 4001 1505 4062 disserui

330 4111 446 4162 certum
470 4107 500 4161 et
523 4099 706 4179 exploratum
730 4118 796 4159 esse
820 4107 900 4178 puto.
946 4097 1049 4178 Neque
1073 4099 1154 4160 solus
1178 4118 1257 4178 sum,
1286 4102 1335 4160 oui
1357 4099 1433 4160 banc
1457 4117 1504 4159 ex-

420 4327 446 4390 1)
466 4324 593 4380 Concedo
617 4325 692 4380 enim
716 4325 944 4392 adversantibus,
968 4342 1139 4395 quemquam
1162 4341 1262 4395 parum
1284 4323 1436 4379 verisimile
1455 4326 1505 4393 est,

330 4423 386 4460 non
405 4423 518 4476 prorsus
536 4405 597 4460 fieri
620 4422 676 4460 non
695 4405 836 4475 potuisse,
861 4408 895 4459 ut
914 4405 1001 4460 etiam
1020 4405 1171 4475 superstite
1189 4421 1277 4475 regno
1295 4403 1443 4458 Persarum
1460 4422 1506 4458 ex-

330 4487 438 4557 peditio
457 4486 597 4556 quaedam
616 4485 783 4556 simpliciter
800 4486 950 4540 Persarum
968 4503 1019 4556 pro
1038 4484 1172 4558 βασιλέως
1190 4486 1462 4540 commemoraretur.
