3275 5192
599 361 844 426 -175—

114 542 304 604 Terentium
328 535 460 626 (Phorm.
485 539 563 605 541:
587 544 644 619 Ala,
669 547 783 606 dictam
800 548 934 620 sapienti
951 552 1001 605 sat
1018 538 1087 628 est).
1123 545 1199 606 Turn
1219 546 1317 608 verba.

114 640 247 702 lenonis
276 641 361 702 domo
387 640 540 702 redeuntis
564 633 653 723 (731.
676 636 754 726 732)
778 643 879 720 inepta
903 650 933 703 et
955 643 1056 703 tenuia
1079 650 1149 704 sunt
1172 652 1202 706 et
1225 647 1308 706 simi·

113 738 209 800 libus
238 739 311 800 locis
342 738 466 800 aliarum
497 739 663 801 fabularum
693 739 854 802 assimilata
884 759 950 801 esse
980 739 1127 802 videntur.
1172 742 1308 822 Denique

113 837 220 898 verba
243 841 323 899 boaa
345 842 440 900 malta
460 839 571 916 facere
595 832 690 922 (734)
714 838 769 899 hoc
793 838 858 899 loco
881 856 941 899 non
963 839 1085 917 proprie
1104 847 1229 919 exstant,
1253 841 1308 902 sed

113 937 182 996 iam
210 954 236 996 v.
260 932 325 997 263
349 938 550 1016 inveniuntur,
572 939 644 998 item
666 935 756 996 Poen.
781 931 877 1014 1216,
901 935 965 996 Cas.
988 931 1064 996 468.

218 1050 330 1122 Quodsi
354 1051 390 1112 ad
414 1059 580 1114 extremum
604 1053 782 1131 quaerimus,
806 1069 866 1130 quo
884 1050 1007 1111 consilio
1027 1058 1203 1113 retractator
1225 1053 1306 1116 hunc

113 1149 227 1210 locum
241 1149 434 1211 inserendum
447 1152 603 1230 putaverit,
622 1169 669 1210 me
685 1167 785 1210 errare
800 1166 860 1209 non
874 1156 955 1228 puto,
977 1151 1086 1210 sicum
1101 1185 1144 1193 —
1158 1158 1192 1212 ut
1205 1154 1305 1213 mitta·

113 1267 191 1308 mus
209 1247 288 1327 quod
302 1249 330 1309 ei
344 1267 484 1327 magnum
499 1248 638 1327 gaudium
653 1247 752 1309 attulit
770 1246 908 1308 lenonem
927 1265 959 1308 se
974 1265 1075 1308 servos
1090 1247 1162 1309 loris
1176 1253 1303 1312 transel-

116 1345 207 1407 disse
228 1345 375 1407 dicentem
395 1348 492 1408 lacere
506 1381 550 1389 -
565 1345 596 1407 id
609 1347 799 1426 potissimum
818 1345 969 1406 studuisse
990 1344 1062 1424 dico,
1081 1354 1115 1407 ut
1128 1351 1303 1426 spectatori·

113 1442 175 1504 bus
204 1443 363 1505 adventum
388 1445 553 1506 Saturionis
574 1444 665 1505 liliam
684 1446 716 1504 in
734 1442 903 1505 libertatem
921 1443 1099 1505 vindicaturi
1121 1445 1303 1508 ostenderet

115 1540 185 1611 Qua
210 1544 243 1602 in
267 1561 299 1603 rc
319 1544 444 1604 sortasse
464 1545 646 1604 recentiores
669 1561 787 1621 quoque
811 1543 841 1602 ei
859 1544 1063 1603 assentiuntur
1085 1545 1242 1622 opinantes
1265 1544 1302 1606 ad

113 1647 259 1702 tenorem
290 1640 405 1702 fabulae
437 1640 635 1702 demonstrari
664 1659 739 1720 opus
770 1658 836 1701 esse
860 1639 1048 1701 Saturionem
1075 1642 1106 1700 in
1133 1644 1301 1722 propinquo

113 1741 249 1818 versari,
276 1747 310 1801 ut
338 1741 437 1800 statim
461 1741 615 1800 occasione
644 1737 711 1800 data
733 1745 922 1818 prorumpat,
946 1757 1003 1818 qua
1027 1737 1063 1799 de
1087 1757 1175 1799 causa
1198 1743 1303 1802 nescio

15 1861 17 1890 r
114 1854 152 1895 an
180 1836 292 1898 similia
315 1839 373 1897 iam
398 1836 475 1916 apud
498 1837 634 1897 Plautum
659 1837 809 1898 exstitisse
833 1837 991 1897 coniciant.
1036 1835 1108 1896 Mihi
1127 1844 1227 1898 autem
1245 1841 1301 1898 mi·

114 1936 202 1995 nime
228 1953 301 2014 opus
326 1953 392 1996 esse
412 1935 578 1996 Saturionis
602 1934 760 1995 adventum
780 1934 986 2012 demonstrari,
1010 1935 1101 1994 immo
1119 1935 1213 1996 multo
1237 1937 1299 1997 elfi-

114 2033 223 2093 cacius
247 2041 277 2093 et
300 2032 336 2093 ad
364 2041 503 2102 eventum
526 2032 671 2094 valentius
700 2051 765 2094 esse
793 2027 911 2093 videtur
934 2032 1122 2092 Saturionem
1146 2041 1175 2094 et
1199 2033 1300 2095 lenoni

114 2139 144 2190 et
168 2130 391 2210 spectatoribus
414 2133 598 2210 inopinatum
622 2133 653 2191 in
674 2149 794 2192 scenam
816 2147 1012 2210 prorumpere
1039 2138 1069 2190 et
1090 2129 1191 2191 lenoni
1212 2151 1301 2211 prae·

114 2227 200 2309 dam,
234 2248 322 2308 quam
351 2231 410 2290 iam
442 2229 561 2290 domum
591 2228 773 2290 abducturus
804 2235 880 2307 crat,
910 2226 1008 2289 subito
1039 2230 1165 2307 eripere.
1211 2229 1297 2292 Etsi

113 2328 183 2404 quis
207 2345 275 2387 cum
292 2326 456 2407 pulvisculo
476 2345 539 2388 rem
559 2328 717 2388 exhaurire
735 2325 814 2405 velit,
833 2325 1000 2407 periculum
1017 2325 1117 2387 lenoni
1137 2329 1299 2389 imminens

112 2431 142 2484 et
170 2423 321 2487 adventus
344 2425 510 2486 Saturionis
540 2427 599 2486 iarn
628 2427 699 2487 satis
728 2425 928 2486 demonstrata
956 2441 1022 2484 esse
1050 2424 1189 2486 ridentur
1214 2433 1297 2488 melu

113 2520 246 2602 lenonis,
270 2543 327 2602 quo
350 2542 376 2583 v.
402 2520 577 2585 714-718
601 2531 704 2605 captus
727 2531 786 2584 est:

278 2685 455 2761 Illeaaa'dem
479 2690 539 2746 tam
562 2688 621 2746 scit
644 2687 720 2760 qaia
740 2689 845 2759 aeaott
865 2687 1005 2760 peccarit,

282 2783 342 2854 (iai
364 2784 439 2846 milri
459 2783 608 2860 sara'aaar
631 2800 696 2843 areo
713 2786 836 2859 pericla
859 2784 1004 2844 vendidit.

277 2883 447 2956 Araeatam
471 2885 598 2958 accepit,
623 2883 713 2942 adiit:
736 2884 789 2956 qai
812 2897 869 2956 aaa
893 2899 975 2941 aaae
997 2884 1071 2958 sota,

277 2980 325 3039 Aa
350 2983 411 3040 tara
435 2981 601 3041 adseratur
623 2980 702 3039 daec
724 2981 838 3039 mana?
861 2995 920 3054 aaa
943 2981 1027 3038 illam
1049 2982 1183 3054 seqaari

277 3078 314 3137 Ia
339 3079 471 3138 Persas?
493 3095 600 3153 napae.

115 3232 231 3304 Quodsi
249 3239 389 3297 continuo
404 3244 472 3316 post
485 3237 539 3298 hos
553 3255 658 3298 versus
674 3244 703 3296 et
721 3245 877 3315 postquam
896 3235 1017 3296 Toxilus
1039 3233 1127 3315 quarn
1146 3239 1292 3314 paucissi-

113 3333 171 3394 mis
195 3335 296 3396 verbis
318 3334 443 3414 perditis
468 3333 587 3396 domum
611 3335 683 3396 altiil
707 3327 819 3417 (neque
844 3335 924 3394 enim
946 3333 1079 3412 intellegi
1102 3341 1213 3414 potest,
1237 3353 1294 3396 cur

116 3427 227 3494 diutius
250 3435 281 3492 in
305 3451 394 3494 scena
417 3427 567 3518 versetur)
592 3433 707 3494 lenonis
730 3440 828 3493 metus
852 3433 933 3492 exitu
956 3430 1167 3512 comprobatur
1189 3438 1219 3493 et
1239 3433 1290 3494 Sa·

114 3531 191 3590 turio
220 3533 248 3591 ei
276 3531 417 3611 praedam
446 3533 546 3611 eripit,
574 3531 630 3592 hoc
658 3530 751 3591 multo
779 3531 931 3592 efficacius
958 3536 1005 3591 est
1032 3548 1120 3609 quam
1144 3531 1171 3590 si
1193 3531 1291 3592 fusius

115 3621 279 3689 Saturionis
303 3628 447 3690 adventus
471 3629 700 3708 demonstratur,
723 3630 901 3708 praesertim
924 3635 984 3688 tam
1008 3629 1113 3689 inscita
1137 3636 1167 3689 et
1190 3630 1289 3709 inepta

114 3726 241 3805 ratione,
270 3746 327 3807 qua
350 3727 407 3788 hoc
433 3727 496 3789 loco
520 3729 561 3788 ut.
607 3727 714 3788 Poetae
739 3745 855 3806 quoque
879 3726 1037 3787 consilium
1061 3727 1163 3805 luisse,
1185 3734 1219 3788 ut
1237 3726 1289 3787 ubi

113 3822 242 3894 primum
266 3824 427 3904 Sagaristio
457 3844 524 3886 cum
555 3834 677 3904 argento
707 3824 792 3903 abiit,
823 3823 941 3885 Saturio
967 3826 1066 3885 statim
1089 3823 1180 3884 liliam
1204 3842 1288 3885 suam

113 3915 143 3975 ln
175 3919 341 3984 libertatem
378 3923 555 4003 vindicaret,
595 3923 724 3985 dilucide
758 3931 880 4002 apparet
911 3940 928 3982 e
959 3924 1047 3983 tertia
1080 3923 1171 4000 primi
1204 3930 1288 3983 actus

115 4029 209 4098 scena,
239 4019 291 4080 ubi
321 4020 442 4082 Toxilus
470 4020 658 4082 Saturionem
688 4019 806 4100 edocet,
837 4020 907 4099 quid
938 4023 983 4081 rei
1011 4022 1037 4080 ei
1062 4018 1224 4098 gerendum
1248 4021 1287 4081 sit

115 4101 153 4191 (v.
179 4113 242 4178 162
254 4112 346 4201 sqq.):

536 4271 587 4332 To.
611 4272 690 4332 Nara
713 4273 766 4332 adi
789 4288 845 4346 aaa
869 4279 1030 4346 araeatara
1054 4288 1214 4348 accepero,

355 4369 503 4430 Continuo
526 4376 559 4430 ta
583 4372 666 4430 illam
689 4387 709 4428 a
732 4372 841 4430 leaaae
864 4372 999 4430 adserito
1022 4386 1123 4429 mana.

261 4465 319 4527 Sat.
344 4467 411 4528 Siai
432 4469 552 4543 tabeat,
575 4470 603 4528 st
626 4484 686 4528 aaa
711 4470 861 4543 extemplo
885 4469 924 4528 ab
948 4483 983 4528 ea
1007 4468 1176 4527 adduxero.
