3275 5192
615 421 857 486 -155-

144 620 216 664 men
245 609 280 661 ut
308 603 340 662 in
369 601 520 683 plerisque
552 602 714 664 comoediis
743 604 785 664 ita
814 605 847 663 in
869 603 977 665 Persae
1005 622 1124 683 quoque
1152 612 1328 682 argumento

145 720 254 781 parom
277 701 450 763 verisimilia
472 702 583 780 insunt,
608 719 683 780 quae
707 703 765 762 nisi
788 703 820 762 iu
839 701 990 763 comoedia
1009 720 1156 782 nusquam
1174 702 1240 762 lieri
1258 719 1327 781 pos·

145 807 232 880 suut;
256 797 308 861 sed
330 799 404 860 baec
428 801 584 879 imprimis,
608 801 633 859 si
653 806 733 860 recte
752 798 915 879 observavi,
939 800 1078 861 ellectum
1098 801 1244 860 comicum
1264 798 1328 859 eiii·

144 897 232 958 ciunt
264 898 366 976 eisque
396 899 584 977 potissimum
618 903 799 976 spectatores
833 897 1027 960 oblectantur.
1083 897 1147 958 Huc
1179 899 1327 977 imprimis

146 992 323 1054 referendae
347 1003 417 1054 suut
439 995 617 1055 mutationes
641 997 778 1073 vestitus,
808 1014 883 1075 quae
909 998 984 1057 ratio
1007 998 1039 1056 iu
1062 994 1215 1056 comoedia
1239 1012 1327 1074 saepe

145 1098 177 1152 et
200 1090 330 1152 libenter
351 1093 454 1170 initur,
477 1111 535 1171 quo
560 1092 673 1153 laoilius
697 1093 779 1154 lraus
803 1093 947 1173 quaedam
965 1094 1147 1173 perficiatur.
1184 1092 1218 1152 ln
1236 1092 1328 1181 Persa

145 1188 311 1267 Sagaristio
334 1197 364 1250 et
387 1190 553 1251 Saturionis
573 1191 632 1251 filia
652 1190 771 1252 Persica
790 1199 872 1252 veste
891 1190 990 1253 induti
1008 1190 1146 1252 lenonem
1166 1189 1328 1268 decipiunt,

144 1286 229 1366 quod
247 1289 278 1347 in
297 1289 357 1348 vita
375 1306 434 1348 uon
454 1289 518 1349 ausi
537 1298 645 1349 essent.
667 1323 708 1332 -
728 1287 767 1349 Ut
791 1291 912 1350 mutatio
931 1290 1056 1350 vestitus
1075 1290 1116 1349 ita
1135 1289 1214 1350 aliud
1233 1307 1328 1367 genus

145 1403 270 1446 mancae
299 1385 567 1447 verisimilitudinis
590 1387 698 1447 Persae
727 1405 794 1447 cum
819 1387 885 1446 aliis
908 1386 1069 1447 comoediis
1093 1405 1249 1447 commuue
1273 1394 1327 1464 est,

144 1483 264 1544 scilicet
286 1485 318 1544 iu
342 1501 376 1544 ea
398 1502 431 1544 re
455 1485 593 1562 positum,
617 1484 697 1564 quod
718 1486 750 1545 in
770 1484 922 1545 comoedia
945 1487 1044 1546 omnia
1067 1486 1099 1544 iu
1121 1486 1217 1545 maius
1237 1484 1328 1545 extol·

144 1580 252 1642 luutur
275 1580 438 1660 modusque
463 1581 624 1644 exceditur.
670 1581 735 1644 lluc
759 1591 874 1663 spectat
895 1582 945 1643 illa
976 1601 1024 1643 res
1052 1584 1125 1643 satis
1152 1589 1220 1642 uota
1244 1590 1274 1643 et
1296 1584 1327 1642 iu

143 1697 255 1757 magna
272 1687 356 1758 parte
375 1678 539 1741 tabularum
559 1683 692 1761 repetita,
716 1680 795 1761 quod
814 1681 945 1760 lenones,
965 1682 1065 1761 quiin
1085 1681 1153 1758 vita,
1171 1688 1205 1740 ut
1224 1698 1329 1741 eorum

142 1784 291 1856 quaestus
320 1795 422 1838 secum
451 1776 590 1856 ducebat,
619 1781 709 1840 astuti
737 1785 766 1840 et
793 1779 907 1840 versuti
930 1787 1111 1840 veteratores
1134 1778 1271 1857 suerunt,
1297 1779 1329 1838 iu

142 1873 310 1935 comoediis
337 1877 412 1936 mira
441 1875 567 1955 quadam
597 1875 799 1938 imbecillitate
827 1879 942 1956 ingenii
969 1878 1123 1955 iunguntur
1153 1884 1183 1936 et
1207 1885 1330 1955 propter

143 1970 306 2034 stultitiam
330 1991 449 2052 semper
469 1976 638 2036 miserrime
657 1981 869 2053 emunguntur.
917 1974 975 2035 Sed
998 1975 1071 2035 baec
1091 1992 1139 2035 res
1158 1973 1329 2035 comoediae

143 2068 341 2131 condonanda
374 2080 432 2151 est,
466 2091 533 2134 cum
563 2072 641 2133 bono
674 2072 798 2134 consilio
831 2073 894 2151 liat,
927 2079 961 2133 ut
993 2072 1065 2132 baec
1096 2071 1197 2150 „labes
1229 2069 1330 2151 popli“

144 2161 196 2252 (vr
214 2162 309 2252 408),
338 2188 405 2230 eum
433 2172 465 2231 iu
492 2173 552 2231 vita
577 2189 632 2250 pro
655 2177 697 2232 tot
720 2170 841 2250 flagitiis
867 2171 1018 2232 rarissime
1042 2171 1196 2248 puniatur,
1225 2171 1256 2230 in
1280 2187 1328 2230 co·
1434 2251 1437 2256 Ι

143 2262 266 2325 moedia
296 2265 400 2327 saltem
431 2267 610 2347 supplicium
644 2267 762 2347 pendat.
815 2268 918 2348 ltaque
946 2267 978 2329 id
1004 2269 1193 2347 potissimum
1223 2285 1329 2345 magna

144 2361 369 2424 comoediarum
391 2373 476 2444 parte
500 2374 659 2445 spectatur,
682 2373 716 2427 ut
739 2374 888 2446 tamquam
919 2365 955 2427 ad
979 2365 1227 2444 compensandam
1251 2367 1329 2426 iuiu-

146 2460 226 2520 riam
249 2462 326 2522 vitae
350 2465 479 2540 graviter
501 2466 533 2524 in
557 2464 680 2526 lenones
700 2464 881 2543 consulatur,
905 2471 935 2525 et
956 2473 1018 2526 tum
1039 2462 1157 2524 demum
1178 2462 1330 2524 comoedia

145 2557 226 2618 bene
257 2568 376 2638 peracta
414 2569 472 2640 est,
510 2581 578 2624 cum
616 2563 683 2624 leno
721 2565 929 2641 gravissimum
964 2562 1143 2643 supplicium
1181 2560 1262 2622 dedit
1300 2567 1331 2621 et

146 2657 319 2718 miserrime
342 2658 489 2721 mulcatus
513 2669 558 2722 est
578 2654 674 2744 (Pers.
694 2657 773 2722 857:
797 2663 1000 2739 Spectator-es,
1024 2663 1100 2721 dene
1119 2663 1224 2720 valete.
1261 2663 1329 2720 leno

136 2758 258 2834 periit:
273 2751 442 2841 plaudite).
484 2757 595 2829 Quodsi
615 2761 792 2838 respexeris
815 2777 876 2854 nqn
894 2761 1005 2820 mirum
1022 2757 1172 2819 videbitur
1190 2759 1222 2817 iu
1240 2756 1330 2818 Persa

145 2851 265 2912 lenonis
295 2853 450 2915 stultitiam
478 2859 637 2916 maximam
666 2857 764 2918 fictam
792 2875 872 2936 esse,
901 2874 976 2936 quae
1004 2874 1122 2917 omnem
1146 2855 1209 2915 iere
1233 2853 1330 2915 credi-

146 2949 241 3010 bilem
271 2951 391 3012 modum
423 2963 589 3034 exsuperet.
643 2954 769 3016 Dordalo
800 2957 892 3033 enim,
923 2956 1057 3034 quamvis
1087 2954 1270 3032 turpissimis
1301 2961 1330 3013 et

146 3045 365 3110 sordidissimis
390 3054 531 3114 conviciis
555 3072 570 3114 a
589 3052 691 3113 Toxilo
716 3052 859 3132 appellari
882 3051 986 3113 solitus
1011 3053 1050 3110 sit
1069 3043 1132 3134 (lli,
1152 3044 1202 3133 3),
1230 3057 1330 3110 tamen

146 3144 231 3206 nulla
254 3149 385 3226 suspicio
414 3151 510 3211 oritur
537 3169 633 3231 neque
662 3152 820 3230 quicquam
845 3153 943 3229 sentit,
975 3168 1043 3209 cum
1067 3147 1197 3226 Toxilus,
1223 3157 1257 3208 ut
1279 3146 1330 3207 ille

144 3243 181 3301 in
206 3241 305 3304 dolum
329 3264 416 3307 suum
441 3248 560 3328 incidat,
583 3248 699 3309 blandis
722 3247 822 3309 verbis
847 3267 915 3309 eum
939 3245 1066 3326 appellet
1090 3238 1150 3328 (IV,
1165 3240 1210 3328 3).
1247 3244 1329 3305 ldem

147 3339 294 3402 Dordalus
319 3361 378 3404 non
407 3346 567 3408 offenditur
589 3347 712 3408 Persam
740 3353 770 3407 et
792 3347 948 3425 virginem,
978 3347 1031 3424 qui
1045 3351 1135 3411 ,recta
1164 3361 1199 3403 ex
1222 3342 1330 3403 Arabia

147 3440 254 3499 venire
279 3439 427 3522 dicuntur,
449 3445 581 3524 perfecte
601 3445 704 3506 Latine
727 3437 842 3529 loqui¹)
866 3461 963 3523 neque
987 3443 1135 3504 sentitus
1159 3440 1216 3501 sibi
1236 3459 1253 3500 a
1270 3442 1330 3500 vir·

147 3537 218 3614 gine
242 3537 343 3618 oblini,
369 3559 437 3601 cum
460 3543 655 3622 interrogata,
683 3545 804 3622 quinam
833 3549 972 3621 parentes
1000 3552 1136 3620 quaeque·
1162 3541 1259 3618 patria
1282 3541 1330 3617 sit,

147 3633 298 3714 ambiguis
321 3637 421 3698 verbis
445 3648 512 3719 apte
537 3640 722 3720 respondeat,
749 3659 875 3702 revera
899 3648 997 3701 autem
1022 3638 1096 3699 nihil
1121 3636 1206 3699 dicat.
1253 3636 1330 3708 Quid

147 3731 230 3810 quod
252 3741 373 3795 netum
398 3736 518 3816 quidem
537 3741 668 3818 suspicio
692 3740 719 3800 ei
743 3746 886 3817 movetur,
911 3757 978 3800 cum
998 3736 1220 3798 Pseudo-Persa
1238 3737 1330 3796 inter·

242 3970 267 4037 1)
278 3967 338 4024 Hoc
348 3971 406 4023 iem
419 3971 550 4042 Iseudij
557 3972 576 4024 lr
586 3973 696 4026 monuit
705 3991 732 4042 p.
743 3977 784 4026 70.
812 3971 916 4026 Goutru
930 3971 1050 4026 eumPr.
1066 3968 1205 4026 Schoell
1219 3969 1249 4022 iu
1265 3969 1329 4022 adu.

147 4044 239 4114 praei.
258 4064 285 4115 p.
300 4047 365 4102 XXI
383 4067 428 4106 me
447 4052 561 4120 quidem
580 4053 673 4108 iudice
687 4053 780 4106 miuus
794 4055 872 4107 recte
886 4051 980 4106 effert:
1000 4049 1092 4119 „Quin
1111 4047 1198 4103 etiam
1211 4049 1331 4104 miratur

148 4142 206 4180 nou
224 4126 322 4182 mirari
341 4129 509 4201 Dordalum,
536 4133 611 4201 quod
635 4133 720 4187 Persa
745 4134 894 4202 Persisque
919 4130 1025 4202 optime
1050 4129 1140 4185 latine
1164 4130 1330 4199 loquuntur:

149 4206 199 4260 ubi
219 4211 286 4263 ante
306 4211 401 4266 omnio
414 4212 478 4268 leno
492 4213 589 4268 mironi
604 4213 703 4270 debuit
717 4230 747 4268 se
760 4214 856 4284 ipsum
869 4215 1034 4280 ceterosque
1047 4211 1137 4265 latine
1150 4210 1229 4279 loqui
1243 4211 1330 4265 Athe-

149 4286 194 4341 nis
213 4288 343 4346 Attieirf‘
380 4291 440 4347 Hoc
459 4311 515 4348 non
533 4296 642 4349 rectum
660 4310 720 4348 esse
738 4296 816 4364 puto.
854 4293 1017 4360 Numquae
1031 4291 1061 4345 iu
1076 4290 1228 4345 comoediis
1242 4291 1331 4346 Athe·

148 4367 194 4422 uis
213 4373 351 4440 aguntur,
374 4388 409 4427 eu
427 4373 546 4428 Romam
568 4375 776 4430 transferuntur
799 4376 829 4428 et
852 4373 935 4442 quusi
952 4372 1059 4426 Romus
1082 4370 1152 4424 licut
1174 4371 1263 4425 latine
1288 4369 1331 4424 di,

149 4451 259 4504 cuntur.
297 4451 353 4506 Eos
377 4454 485 4522 autem,
509 4455 558 4522 qui
581 4471 597 4510 e
619 4455 701 4510 terris
725 4454 922 4509 remotioribus
941 4451 1103 4518 adveniunt,
1125 4450 1212 4504 insite
1230 4450 1331 4521 lingua

150 4528 193 4582 uti
212 4546 294 4598 posse
313 4531 415 4600 probet
433 4533 591 4604 exemplum
610 4535 735 4590 Poenuli.
778 4542 786 4550 '
