3275 5192
797 387 1038 452 ..154-

327 583 398 646 prae
423 585 454 628 se
479 567 562 646 ferat,
586 567 739 629 contendit
761 568 899 629 Toxilum
921 586 937 628 a
960 577 1047 648 poeta
1071 568 1183 630 Graeco
1207 569 1312 632 erilem
1335 571 1429 632 lilium
1451 572 1506 633 dc-

327 673 391 726 tum
415 683 490 744 esse,
514 665 599 727 cuius
621 673 721 744 partes
739 665 862 727 Plautus
884 667 916 726 in
939 668 1019 727 servi
1037 668 1204 729 mutaverit
1244 667 1318 729 Nam
1337 688 1426 749 quam
1444 672 1504 732 iam

326 780 418 842 supra
442 765 669 825 commemorari
690 763 880 825 durissimam
895 762 1096 826 Romanomm
1115 783 1269 827 serromm
1288 767 1505 847 condicionem,

325 863 375 921 vix
404 869 523 941 poetam
552 861 717 923 Romanum
748 861 896 924 adducere
925 865 1036 944 potuit,
1067 872 1101 924 ut
1127 872 1228 944 partes
1255 864 1343 926 liberi
1365 866 1503 945 hominis,

325 977 400 1039 quas
424 962 455 1020 in
479 959 614 1039 exemplo
639 958 751 1021 Graeco
775 962 902 1040 invenit,
930 963 962 1021 in
989 963 1125 1041 procacis
1152 965 1231 1023 servi
1257 971 1358 1043 partes
1381 983 1504 1026 conver-

327 1065 406 1118 teret
428 1059 477 1137 ita,
501 1065 535 1119 ut
556 1057 606 1118 hic
630 1061 761 1138 primum
784 1058 901 1120 tabulae
919 1059 1018 1121 locum
1036 1067 1154 1123 teneret
1171 1063 1296 1141 eiusque
1314 1063 1503 1140 potissimum

325 1174 375 1217 res
399 1164 545 1236 ageretur.
591 1157 737 1237 Equidem
765 1159 896 1218 animum
920 1156 1063 1219 inducere
1087 1177 1147 1219 non
1169 1177 1303 1239 possum,
1326 1167 1360 1220 ut
1384 1159 1503 1221 credam

325 1263 443 1334 poetam
467 1254 634 1316 Romanum
661 1257 692 1316 in
720 1255 874 1316 comoedia
902 1258 1061 1336 quicquam
1089 1257 1228 1318 ficturum
1256 1258 1361 1336 luisse,
1385 1258 1502 1338 quoda

324 1351 459 1414 moribus
481 1352 622 1414 Romanis
649 1360 805 1433 tantopere
834 1353 1022 1434 abhorreret,
1050 1357 1109 1416 nisi
1136 1356 1168 1415 in
1196 1355 1357 1436 exemplari
1380 1375 1434 1417 suo
1456 1359 1503 1418 in·'

323 1451 463 1510 venisset.

414 1547 433 1624 ξ
457 1545 487 1610 3.
532 1547 675 1625 Interea,
701 1566 776 1627 quae
795 1548 1034 1630 lsendijlrium
1054 1561 1286 1633 commoverunt,
1309 1562 1344 1615 ut
1365 1553 1501 1616 Toxilum

324 1665 341 1708 a
370 1653 458 1727 poeta
481 1644 593 1706 Graeco
623 1646 775 1708 hominem
805 1647 933 1709 liberum
963 1650 1065 1711 fictum
1096 1669 1163 1712 esse
1186 1652 1331 1731 crederet,
1361 1652 1500 1714 nonnulla

324 1753 402 1823 sunt,
426 1763 500 1824 quae
524 1746 556 1805 in
580 1754 790 1824 argumento
814 1765 937 1826 parum
960 1748 1155 1810 verisimili
1176 1752 1273 1829 posita
1291 1758 1369 1812 sunt
1415 1750 1501 1811 Com-

321 1837 489 1927 pluriens¹)
512 1845 592 1904 enim
615 1843 777 1905 offenditur
799 1847 950 1907 artissimo
973 1847 1120 1907 amicitiae
1143 1847 1274 1927 vinculo,
1298 1867 1356 1928 quo
1379 1848 1501 1910 Toxilus

323 1951 392 2002 cum
422 1941 637 2020 Sagaristione,
667 1959 771 2003 servus
801 1962 871 2003 cum
901 1962 1001 2024 servo,
1031 1947 1208 2006 coniunctus
1238 1948 1286 2008 sit.
1333 1946 1376 2008 Eo
1405 1965 1500 2026 usque

323 2041 403 2099 enim
427 2038 588 2118 Sagaristio
617 2039 822 2119 progreditur,
850 2049 885 2102 ut
913 2043 1041 2103 amicum
1072 2042 1207 2105 molestia
1235 2043 1383 2105 liberandi
1412 2063 1500 2106 causa

322 2155 408 2198 erum
431 2155 518 2198 suum
542 2145 664 2216 argento
688 2137 746 2198 sibi
766 2138 879 2200 credito
899 2138 1061 2220 defraudet,
1084 2160 1262 2221 quamquam
1281 2141 1360 2204 haud
1384 2145 1500 2222 ignorat

323 2231 359 2294 se'
374 2235 429 2295 hac
447 2237 573 2314 pecunia
593 2254 695 2296 aversa
714 2239 889 2314 gravissime
908 2237 1113 2317 vapulaturum
1137 2258 1203 2301 esse
1228 2233 1280 2323 (ci.
1294 2260 1320 2302 v.
1335 2235 1409 2302 265.
1424 2237 1499 2302 264.

322 2327 523 2414 tot-271).
570 2333 607 2394 Et
635 2333 837 2396 confitendum
865 2342 911 2396 est
938 2354 974 2396 ex
998 2339 1106 2398 ceteris
1135 2337 1243 2399 fabulis
1265 2337 1409 2400 Plautinis
1439 2346 1499 2399 tam

321 2431 440 2493 fidelem
463 2434 543 2492 inter
567 2451 667 2493 servos
691 2435 853 2494 amicitiam
876 2451 936 2493 uon
954 2437 1121 2500 innotuisse
1140 2443 1170 2496 et
1188 2454 1290 2497 servos
1309 2455 1341 2498 se
1360 2456 1420 2497 non
1439 2445 1499 2499 tam

321 2531 352 2589 in
376 2548 535 2590 conservos
559 2549 647 2610 quam
670 2533 701 2590 in
726 2549 794 2592 eros
818 2549 889 2592 suos
907 2531 1010 2592 fideles
1028 2540 1189 2611 praestare.
1231 2535 1366 2596 Attamen
1384 2537 1416 2595 in
1435 2538 1499 2614 ipsa

320 2626 412 2688 Persa
438 2629 518 2688 inest
545 2631 632 2707 ratio,
657 2647 714 2708 qua
742 2624 816 2690 haec
844 2630 935 2690 nimia
965 2631 1027 2690 lere
1054 2632 1183 2691 amicitia
1207 2633 1286 2692 servi
1318 2634 1349 2692 in
1378 2651 1498 2698 conser-

320 2721 390 2786 vum
423 2733 582 2787 excusetur
614 2728 772 2806 minusque
803 2726 942 2788 notabilis
973 2735 1003 2788 et
1033 2731 1109 2788 mira
1138 2730 1198 2790 fiat
1252 2729 1386 2792 Primum
1417 2734 1498 2792 enim

322 2821 482 2901 Sagaristio
505 2822 682 2903 habetflcur
704 2832 861 2904 argentum
883 2824 942 2886 sibi
964 2825 1048 2887 brevi
1071 2825 1219 2888 redditum
1238 2829 1277 2889 iri
1297 2836 1406 2908 speret,
1430 2848 1498 2891 cum

320 2920 442 2982 Toxilus
466 2923 493 2982 ei
516 2903 692 3001 polliceatur
716 2941 747 2983 se
771 2922 871 2984 triduo
895 2930 946 2984 aut
964 2923 1129 3002 quadriduo
1153 2933 1309 3005 argentum
1333 2929 1361 2988 ei
1384 2929 1498 3007 reposi-

319 3027 421 3079 turum
445 3037 510 3080 esse
536 3012 575 3102 (v.
591 3013 697 3104 30²),
729 3020 835 3083 deinde
862 3023 927 3100 ipse
951 3022 1101 3102 eloquitur
1123 3043 1156 3084 se
1179 3043 1239 3085 non
1262 3044 1344 3087 mera
1368 3026 1498 3087 amicitie

320 3125 500 3178 commotum
529 3136 613 3179 erum
642 3137 729 3180 suum
758 3120 896 3180 irustrari
924 3129 954 3180 et
982 3128 1092 3182 tantam
1120 3130 1327 3202 tempestatem
1355 3125 1386 3184 in
1410 3133 1499 3203 caput

320 3233 408 3276 suum
431 3215 620 3276 contrahere:
644 3235 704 3277 non
728 3216 822 3278 solum
848 3220 895 3278 sui
919 3219 1065 3280 commodi
1088 3222 1119 3280 in
1139 3220 1302 3282 adiuvando
1324 3222 1418 3280 amico
1437 3239 1497 3282 non

318 3313 504 3374 obliviscitur
528 3321 558 3374 et
580 3317 667 3393 genio
692 3334 745 3376 suo
768 3316 861 3377 multa
884 3316 960 3378 bona
984 3319 1099 3396 argenti
1123 3335 1179 3377 usu
1203 3335 1235 3377 se
1259 3316 1406 3376 iacturum
1430 3334 1496 3378 esse

317 3419 420 3491 sperat
444 3404 485 3494 (v.
499 3406 590 3496 263),
614 3412 666 3474 sed
690 3415 779 3474 etiam
802 3413 834 3475 id
856 3416 1044 3493 potissimum
1068 3433 1136 3475 eum
1155 3413 1192 3474 ad
1211 3411 1345 3473 fraudem
1363 3412 1496 3490 impellit,

318 3509 398 3588 quod
428 3511 457 3570 ei
484 3509 606 3571 multam
636 3509 862 3573 delectationem
887 3513 972 3573 affert
993 3513 1109 3591 „parcis
1134 3519 1163 3570 et
1185 3508 1292 3570 vetulis
1315 3506 1498 3587 hominibus,

317 3609 370 3686 qui
390 3607 516 3668 salinum
536 3626 622 3669 servo
637 3608 795 3687 obsignant
814 3628 882 3669 cum
898 3607 978 3669 sale“
992 3607 1091 3668 dolum
1105 3617 1226 3668 nectere
1241 3598 1282 3689 (r.
1293 3601 1495 3689 atto-267).

317 3703 397 3765 Haec
425 3704 626 3767 consideranti
653 3705 863 3784 Sagaristionis
897 3707 1025 3766 amicitia
1052 3707 1152 3765 minus
1181 3705 1307 3783 gratuita
1336 3706 1495 3784 minusque

316 3821 388 3864 suae
413 3803 629 3864 commoditatis
652 3806 811 3864 immemor
834 3821 901 3864 esse
923 3802 1080 3862 videbitur.

406 3901 507 3980 ltaque
531 3904 563 3961 in
585 3901 640 3963 hac
665 3920 819 3962 servorum
842 3901 972 3961 amicitia
990 3901 1112 3960 minime
1130 3900 1313 3962 haerendum
1333 3908 1386 3980 est,
1409 3919 1494 3980 prae·

316 4001 420 4061 sertim
444 4019 512 4060 cum
537 4001 625 4061 etiam
649 4009 731 4060 extra
754 3999 937 4060 comoediam
960 4001 991 4059 in
1014 4001 1073 4060 vita
1097 3999 1182 4061 facile
1206 4000 1272 4060 lieri
1294 4003 1438 4080 potuerit,
1462 4010 1496 4061 ut

316 4097 375 4159 duo
400 4100 479 4160 servi
501 4099 567 4177 pari
590 4105 669 4158 sorte
694 4098 845 4160 coniuncti
869 4098 1043 4158 familiarem
1070 4100 1230 4161 amicitiam
1257 4100 1378 4160 inirent.
1414 4099 1495 4159 Atta-

407 4263 433 4330 1)
451 4259 482 4312 L.
498 4277 566 4329 cyp.
583 4263 616 4312 63
632 4259 748 4328 edna,
766 4278 793 4329 p.
809 4265 843 4314 87
859 4261 896 4315 ed
910 4267 952 4316 43.

405 4343 432 4410 2)
450 4339 511 4392 Hoc
547 4339 684 4408 expressis
721 4340 813 4395 verbis
852 4343 950 4395 contra
976 4340 1209 4411 Isendijlxium
1234 4343 1405 4396 monendum
1441 4343 1493 4407 est,

314 4421 365 4488 qni
388 4438 415 4489 p.
431 4425 465 4474 85
488 4419 560 4474 falso
585 4422 730 4476 contendit
753 4421 976 4492 Sagaristionem
999 4421 1096 4477 Toxilo
1120 4425 1269 4493 argentum
1287 4422 1495 4492 suppeditasse,

314 4500 480 4569 priusquam
498 4501 521 4554 is
541 4518 570 4555 se
590 4501 687 4557 stetim
705 4502 823 4558 reddere
841 4519 923 4572 posse
942 4502 1067 4558 dixisset.
