3275 5192
628 415 666 422 -—
716 377 779 440 169
826 416 867 424 -

153 556 265 618 similia
288 558 378 618 rerba
402 559 542 620 exhibere
574 567 661 638 atque
690 577 758 619 eum
781 577 915 639 versum,
943 579 1001 638 que
1028 567 1203 620 retractator
1226 579 1242 620 a
1265 579 1334 640 pre·

153 657 252 734 posito
286 665 464 736 recesserat,
500 665 534 718 ut
571 659 726 736 sequentia
757 655 848 718 verba
879 658 1024 737 prepositi
1056 658 1153 718 lecum
1185 661 1332 722 insertum

154 756 336 833 exciperent

245 870 347 950 ltaque
380 873 494 932 ratione
538 874 682 952 exposita,
725 891 782 950 qua
822 873 947 950 vestigia
983 875 1202 934 retractationis
1238 876 1334 952 retegi

153 975 295 1048 possunt,
324 969 404 1030 loces
435 969 549 1031 additos
577 973 658 1050 ipses
687 987 943 1048 recognoscamus.
989 969 1030 1030 Ac
1056 972 1187 1048 primum
1213 970 1334 1051 quidem

154 1065 304 1145 agendum
327 1074 373 1128 est
397 1067 432 1129 de
455 1068 591 1129 versibus
614 1063 801 1146 441—443,
826 1085 899 1146 ques
925 1066 1153 1148 dittographiam
1177 1086 1243 1129 esse
1266 1087 1334 1129 rer·

155 1183 246 1226 suum
259 1161 437 1227 433-436
452 1168 642 1228 manifestum
658 1173 711 1228 est.
744 1164 801 1236 Qui
815 1183 920 1226 versus
935 1167 976 1225 ita
989 1165 1129 1244 leguntur
1149 1160 1229 1249 (433
1240 1161 1334 1248 sqq.):
1357 1212 1359 1219 .

244 1325 296 1386 De.
344 1327 459 1388 Mirum
483 1331 555 1402 quio
581 1330 636 1388 ttet'
659 1345 714 1403 epe
738 1329 904 1402 crederem,
928 1333 961 1387 ut
984 1334 1017 1387 tu
1040 1330 1121 1388 idem
1143 1329 1219 1388 milti

345 1427 487 1505 Faceres,
510 1428 593 1501 qued
608 1429 728 1503 purtim
747 1425 873 1502 fuciunt
896 1429 1085 1500 erpeotere'i:

349 1525 405 1585 det
428 1526 505 1600 quid
526 1526 705 1599 credideris,
730 1527 822 1584 citius
845 1527 993 1600 extemplo
1013 1524 1084 1600 sere

345 1623 489 1700 Fupt'uot,
514 1640 605 1697 quem
629 1641 669 1682 ecc
684 1629 782 1698 portu
805 1625 886 1683 ludis
909 1639 998 1698 quem
1021 1627 1159 1683 emissust
1181 1626 1273 1698 lepus.

154 1772 187 1825 et
209 1760 273 1824 441
286 1782 363 1842 sqq.:

247 1897 298 1958 Το.
345 1899 489 1959 Fortasse
511 1902 619 1959 metuis
642 1903 674 1958 t'u
697 1915 821 1959 meeum
845 1901 1053 1959 concredere?

347 1996 462 2057 Mirum
485 1990 551 2080 etl)
575 2001 667 2057 citius
690 2001 752 2057 tem
776 2015 795 2056 e
815 1997 887 2073 sere
911 2001 1087 2072 erpeoterir'

345 2096 474 2168 Abeunt,
498 2112 588 2171 quum
612 2099 644 2154 to
668 2113 761 2155 cursu
785 2098 888 2155 rotule
911 2099 1169 2156 circumvertitur.

247 2263 358 2323 Versus
381 2259 559 2324 441-443
583 2265 642 2324 iam
667 2262 829 2343 Guyetus
852 2265 1004 2342 expunxit,
1028 2281 1096 2323 cum
1120 2281 1170 2324 cos
1195 2263 1336 2343 dittogra-

153 2361 259 2442 phiam
283 2380 422 2422 versuum
446 2358 511 2422 433
521 2381 583 2440 sqq.
609 2364 761 2423 continere
784 2369 911 2441 putaret.
952 2359 1024 2421 Eius
1044 2363 1221 2422 sententiam
1240 2365 1337 2424 secuti

155 2468 230 2520 sunt
251 2453 412 2543 esann2),
435 2458 591 2538 Ritsehl,
615 2454 824 2541 Ladewig³),
844 2453 1033 2543 Langen4),
1052 2457 1208 2520 Oscarus
1224 2459 1336 2539 Brug-

153 2551 310 2642 mann5),
339 2557 497 2636 Schoell,
525 2577 592 2618 cum
622 2553 763 2642 Goetz⁶)
793 2557 830 2618 de
854 2557 984 2636 simplici
1006 2557 1234 2636 interpolatione
1258 2560 1338 2637 cogi·

141 2656 244 2716 'taret
290 2654 375 2726 Quod
399 2674 576 2735 quamquam
596 2656 721 2717 concedi
738 2659 834 2735 possit
857 2655 892 2716 dc
915 2674 1004 2716 versu
1022 2651 1098 2734 442,
1121 2657 1173 2734 qui
1196 2675 1233 2716 ex
1250 2675 1338 2716 veca-

154 2753 239 2814 bulis
257 2772 399 2814 versuum
417 2749 594 2814 tae-435
615 2761 757 2816 consutus
777 2757 824 2834 sit,
843 2763 943 2815 tamen
962 2772 1021 2814 nen
1041 2753 1148 2814 cadere
1166 2756 1198 2813 in
1216 2773 1337 2815 versum

153 2849 225 2912 443
249 2851 449 2931 Brugmann
477 2860 558 2912 recte
588 2851 667 2913 dicit.
713 2852 776 2913 Hec
800 2855 880 2912 enim
908 2854 1052 2912 inversu
1076 2851 1161 2912 facile
1186 2855 1338 2930 cognesci-

155 2959 209 3011 tur
233 2951 390 3010 artificium
411 2952 620 3029 retractateris,
644 2952 703 3029 qui,
730 2968 767 3010 ne
786 2952 897 3011 mirum
915 2957 996 3010 esset
1014 2949 1139 3009 eandem
1158 2953 1337 3010 sententiam

156 3049 266 3126 exigue
289 3047 442 3109 intervallo
466 3050 637 3108 intermisse
662 3050 765 3128 repeti,
789 3067 858 3109 eum
880 3048 1001 3128 paulum
1022 3046 1197 3107 mutandum
1215 3050 1339 3127 putavit,

156 3165 228 3207 cum
252 3165 306 3226 pre
329 3148 486 3227 perspicua
505 3148 632 3224 imagine
652 3147 738 3224 fugae
757 3146 868 3226 leporis
886 3148 985 3207 minus
1005 3144 1163 3206 dilucidam
1183 3147 1339 3206 rotationis

156 3262 267 3305 currus
300 3252 433 3305 rotarum
464 3252 595 3324 poneret
651 3243 754 3323 Neque
788 3246 868 3305 enim
900 3245 1057 3323 quisquam
1088 3242 1208 3322 negabit
1238 3244 1338 3322 lugam

157 3344 397 3418 argentariorum
420 3342 526 3403 melius
546 3344 712 3421 comparari
731 3361 798 3403 cum
818 3343 887 3421 luga
905 3343 1040 3422 leporum
1058 3341 1228 3402 animalium
1248 3360 1338 3421 quarn

156 3458 229 3500 cum
247 3442 413 3501 versatione
437 3449 569 3502 rotarum
592 3443 799 3502 inanimarunt.
836 3440 994 3502 Praeterea
1013 3441 1128 3501 etiamsi
1148 3438 1214 3499 illes
1232 3457 1341 3501 versus

157 3557 274 3599 meram
304 3538 563 3618 interpolationem
594 3558 659 3600 esse
689 3547 876 3618 putaremus,
906 3547 1004 3600 tamen
1036 3540 1079 3598 eis
1110 3540 1267 3618 expunctis
1293 3544 1339 3598 tet

159 3635 351 3697 difficultates
375 3635 625 3716 relinquerentur,
648 3644 742 3697 tetum
766 3637 864 3698 lecum
887 3646 921 3698 ut
940 3639 1091 3716 integrum
1110 3655 1176 3697 esse
1194 3638 1244 3696 vix
1262 3637 1338 3696 veri·

159 3733 259 3794 simile
284 3743 370 3795 esset.
416 3734 518 3813 ltaque
548 3753 653 3796 versus
676 3731 855 3795 441-443
879 3754 938 3796 nen
962 3734 1190 3814 interpolatione
1213 3736 1246 3794 in
1270 3753 1339 3794 con·

160 3839 277 3892 textum
301 3831 398 3893 illatos
423 3851 498 3912 esse,
522 3831 575 3892 sed
599 3833 732 3894 consulte
757 3835 959 3893 retraetateris
978 3833 1103 3893 artificio
1127 3839 1222 3892 tetum
1240 3831 1339 3893 lecum

159 3927 295 3990 additum
324 3949 390 3990 esse
422 3948 490 3990 cum
518 3929 684 4009 Langene
711 3948 888 4009 persuasum
915 3930 1009 3991 haheo
1038 3938 1125 4009 atque
1154 3947 1189 3990 ca
1216 3928 1339 4008 quidem

158 4027 375 4088 deliberatione
395 4035 569 4108 cemmetuS,
589 4047 676 4106 quarn
695 4029 790 4089 fusius
808 4030 950 4107 persequi
967 4027 1062 4088 liceat.
1099 4026 1193 4106 Atque
1207 4027 1340 4106 primutn

254 4255 279 4322 1)
298 4255 331 4308 me'
347 4270 398 4322 pro
418 4257 486 4323 quio
503 4255 661 4324 Langenus.
770 4256 796 4323 2)
815 4252 898 4307 Anal.
917 4271 944 4322 p.
964 4259 1015 4307 202
1026 4271 1066 4321 sq.

252 4336 279 4403 3)
298 4333 369 4386 Phil.
389 4333 467 4387 XVII
485 4352 512 4403 p.
528 4339 588 4388 tta.

252 4417 279 4484 t)
298 4413 390 4468 Plaut.
411 4413 490 4468 seue.
508 4432 536 4483 p.
556 4419 607 4468 333
618 4431 658 4481 sq.
767 4416 794 4483 ὅ)
812 4413 855 4468 De
875 4413 938 4479 „ni“
958 4412 1098 4482 porticula
1115 4430 1142 4480 p.
1164 4417 1197 4465 18
1207 4429 1249 4480 sq.

253 4496 279 4563 6)
297 4494 360 4548 Act.
380 4511 434 4549 soc.
454 4494 523 4564 phil.
542 4494 617 4564 Lips.
637 4493 676 4546 VI
693 4511 720 4562 p.
736 4499 796 4546 266.
