3275 5192
777 377 1018 442 -164-

309 560 408 622 silium
440 561 555 621 interea
587 561 758 638 exponitur:
791 560 822 619 iu
860 559 956 639 prima
988 577 1077 620 scena
1109 561 1191 621 tertii
1223 568 1308 622 actus
1339 562 1490 641 parasitus

307 659 399 720 tiliam
431 677 515 720 suam
548 658 647 737 docet,
678 675 754 738 quae
787 659 829 736 ei,
866 676 934 720 eum
966 657 1066 718 lenoni
1099 665 1216 737 veneat,
1249 657 1396 738 loquenda
1428 661 1491 720 sint

308 775 401 837 eaque
433 758 564 836 primum
595 758 789 835 tergiversata
828 774 860 817 se
893 755 1097 816 oboedituram
1135 774 1202 816 esse
1234 755 1400 836 pollicetur.
1454 756 1490 816 11

308 857 396 916 tertia
420 873 508 916 11113
528 854 663 916 eiusdem
683 862 766 916 actus
784 854 906 915 Toxilus
925 862 1078 915 sescentos
1096 873 1234 916 nummos
1253 873 1270 914 a
1288 855 1491 934 Sagaristione

309 959 445 1032 acceptos
470 946 561 1037 (111)
585 952 687 1013 111111
709 971 763 1032 pro
788 955 883 1014 amica
905 951 1000 1031 solvit,
1025 954 1075 1031 qui
1099 960 1203 1013 contra
1224 971 1256 1013 se
1279 955 1380 1014 statim
1404 952 1491 1013 Lem·

308 1052 473 1113 uiselenem
501 1049 626 1113 liberam
654 1051 803 1112 iacturum
830 1069 897 1112 esse
919 1052 1076 1130 promittit
1121 1049 1193 1111 lude
1217 1060 1425 1129 argumentum
1448 1051 1492 1111 ita

309 1149 346 1210 ad
369 1149 459 1210 linem
483 1148 674 1228 perducitur,
697 1157 731 1210 ut
754 1151 812 1209 iam
836 1151 868 1209 in
892 1167 927 1209 11
950 1147 1116 1209 enarrando
1139 1148 1268 1209 vidimus
1291 1141 1328 1231 (ξ
1349 1143 1393 1232 1).
1437 1147 1492 1209 1113

310 1255 407 1310 autem
431 1266 481 1308 res
505 1247 616 1308 indicat
639 1247 712 1308 duas
739 1254 841 1326 partes
870 1245 985 1307 fabulae
1013 1249 1072 1307 iam
1100 1245 1170 1307 inde
1199 1246 1235 1307 ab
1266 1249 1353 1308 initio
1385 1246 1493 1308 cohae-

310 1348 399 1424 sisse,
432 1344 511 1424 quod
535 1345 656 1406 Toxilus
685 1347 716 1405 in
744 1347 833 1406 tertia
857 1347 955 1425 quarti
978 1352 1062 1406 actus
1086 1363 1188 1424 scena,
1220 1363 1400 1425 quamquam
1423 1344 1493 1405 leno

310 1446 337 1504 ei
361 1445 479 1504 nuntiat
501 1443 739 1504 Lemniselenem
763 1443 888 1504 liberam
912 1445 996 1504 etin
1019 1443 1115 1504 Toxili
1140 1443 1225 1505 domo
1248 1462 1323 1522 esse,
1349 1452 1493 1505 111113-

309 1543 363 1602 tim
393 1540 512 1603 domum
541 1559 572 1601 se
597 1543 716 1620 recipit,
748 1549 782 1603 ut
806 1543 913 1620 amica,
946 1561 1034 1621 quam
1058 1541 1178 1603 tandem
1201 1550 1245 1603 tot
1268 1541 1494 1603 difficultatibus

310 1641 457 1718 superatis
482 1641 679 1719 recuperavit,
716 1641 843 1719 truatur,
877 1639 984 1700 sedin
1009 1642 1111 1719 quinto
1136 1639 1256 1702 demum
1279 1648 1347 1701 actu
1369 1639 1494 1701 Toxilus

311 1739 480 1816 praesentia
513 1739 624 1798 amicae
658 1739 717 1798 lrui
748 1746 862 1817 potest,
894 1745 1051 1819 postquam
1083 1739 1264 1818 promissum
1297 1738 1496 1817 Sagaristioni

312 1835 412 1896 datum
439 1838 589 1915 praestitit
618 1844 647 1896 et
676 1835 802 1898 alterum
831 1836 1002 1915 consilium,
1035 1855 1093 1916 quo
1120 1835 1164 1896 illi
1188 1845 1344 1915 argentum
1367 1855 1494 1916 recupe-

312 1942 404 2013 retur,
429 1933 465 1994 ad
489 1935 579 1996 linem
602 1934 751 2014 perduxit.
1493 1988 1495 1992 ,

400 2031 502 2111 ltaque
527 2032 663 2112 equidem
686 2032 766 2093 nulla
786 2035 910 2112 vestigia
930 2034 1188 2094 contaminationis
1207 2034 1341 2093 invenire
1360 2051 1495 2112 possum.

312 2128 496 2209 Quamquam
529 2147 638 2208 negare
671 2149 731 2191 111
763 2149 886 2210 possum
919 2130 1048 2191 tabulam
1081 2132 1113 2191 in
1147 2129 1220 2191 duas
1255 2138 1357 2209 partes
1394 2130 1496 2208 dilabi,

312 2234 411 2288 tamen
435 2231 640 2308 uuusquisque
665 2228 809 2290 concedet
831 2229 885 2289 lias
910 2228 982 2290 duas
1003 2236 1111 2309 partes,
1135 2228 1244 2308 quilius
1263 2228 1378 2308 singula
1397 2228 1497 2290 Toxili

312 2325 436 2386 consilia
464 2334 666 2405 exponuntur,
695 2328 843 2388 artissime
872 2327 1031 2388 cohaerere
1060 2345 1158 2406 neque
1180 2326 1241 2387 ullo
1265 2326 1352 2387 modo
1377 2328 1496 2406 seiungi

312 2441 409 2502 posse.
455 2423 492 2485 Et
514 2443 552 2485 ne
577 2424 786 2504 discrepantiis
809 2425 931 2504 quidem
955 2432 984 2485 et
1012 2426 1216 2505 repugnantiis
1244 2433 1330 2504 poeta
1359 2443 1391 2485 se
1418 2427 1495 2486 irre-

312 2523 391 2600 tivit,
424 2522 502 2601 quod
531 2522 652 2602 quidem
680 2522 921 2603 lsendijkium
952 2522 1140 2584 contendisse
1165 2542 1223 2583 non
1247 2523 1416 2584 mirandum
1439 2531 1496 2602 est,

314 2621 424 2699 quippe
449 2622 500 2699 qui
523 2629 658 2682 tenorem
682 2620 797 2682 fabulae
821 2640 881 2682 nou
906 2623 978 2682 satis
998 2623 1187 2700 perspexerit
1204 2639 1301 2700 neque
1322 2621 1379 2682 duo
1399 2620 1497 2682 Toxili

314 2717 436 2779 consilia
461 2718 643 2798 distinguere
666 2721 805 2798 potuerit.
844 2719 937 2780 lmmo
961 2739 1030 2780 vero
1054 2727 1172 2799 poetam
1196 2729 1404 2799 argumentum
1428 2718 1496 2780 dili·

316 2822 421 2893 genter
445 2816 564 2894 quidem
588 2816 698 2896 legenti
721 2819 797 2878 mira
820 2816 946 2896 quadam
977 2820 1189 2896 perspicuitate
1218 2825 1248 2878 et
1275 2817 1422 2897 elegantia
1444 2835 1495 2877 ex·

315 2913 457 2992 plicuisse
482 2923 511 2975 et
534 2913 570 2974 ad
594 2916 684 2976 finem
707 2915 883 2994 perduxisse
908 2915 1016 2976 iudico.

405 3012 563 3073 Praeterea
580 3022 741 3093 utrumque
760 3022 1012 3093 argumentorum,
1032 3034 1047 3074 1
1067 3015 1175 3094 quihus
1193 3014 1357 3094 lsendijk
1373 3014 1496 3074 Persam

317 3112 545 3171 contaminatam
574 3129 639 3172 1111
666 3111 740 3190 vult,
773 3120 833 3172 tam
861 3120 951 3173 tenue
980 3121 1009 3173 et
1036 3113 1112 3174 11111
1141 3121 1187 3174 111
1215 3122 1244 3174 11
1266 3113 1339 3174 adeo
1363 3113 1496 3193 implica·

314 3209 394 3280 tione
423 3217 453 3268 et
480 3209 566 3270 nodis
596 3218 690 3288 caret,
720 3217 754 3270 ut
782 3209 862 3271 nullo
891 3210 977 3271 modo
1005 3230 1059 3290 pro
1088 3219 1261 3290 argumento
1292 3213 1383 3271 totius
1412 3210 1495 3270 labu-

314 3302 359 3366 lae
392 3309 462 3386 poni
495 3309 627 3387 potuisse
660 3307 803 3368 videatur.
856 3307 894 3368 Et
923 3308 1000 3369 ultro
1034 3308 1176 3369 ambobus
1205 3309 1386 3385 argumentis
1415 3306 1496 3367 nulla

316 3422 365 3464 res
390 3407 555 3465 communis
580 3413 624 3466 est
648 3408 706 3466 nisi
731 3405 810 3485 quod
834 3409 958 3467 amatori
981 3415 1137 3484 argentum
1161 3404 1197 3464 ad
1220 3402 1403 3463 liberandam
1423 3406 1496 3462 ami·

319 3520 383 3562 cam
408 3501 492 3562 deest
515 3497 619 3585 (quam
644 3522 707 3565 rem
731 3506 874 3565 nimirum
897 3523 965 3565 cum
988 3504 1090 3564 multis
1114 3503 1180 3562 aliis
1203 3502 1386 3578 argumentis
1416 3517 1495 3559 com·

314 3617 436 3660 munem
458 3595 597 3684 habeut),
631 3603 734 3662 utrix
757 3600 890 3679 intellegi
913 3603 1020 3680 possit,
1049 3618 1102 3659 cur
1131 3605 1217 3677 poeta
1245 3599 1309 3676 ipsa
1335 3597 1409 3658 haec
1438 3596 1496 3657 duo

317 3706 490 3775 argumenta
513 3698 689 3759 confuderit.
737 3698 859 3758 Accedit
881 3705 1000 3776 praeter
1023 3697 1095 3756 alios
1124 3696 1292 3774 scrupuloS,
1321 3715 1395 3774 quos
1424 3714 1496 3756 enu-

315 3812 431 3856 merare
464 3794 585 3875 longum
618 3804 677 3875 est,
710 3795 788 3875 quod
817 3814 885 3855 cum
913 3797 944 3854 in
972 3801 1099 3872 utroque
1129 3800 1303 3872 argumento
1334 3802 1496 3855 amatorem

315 3893 467 3954 hominem
486 3893 612 3956 liberum
632 3895 723 3954 luisse
746 3892 910 3971 lsendijlr
934 3891 1101 3971 contendat,
1125 3894 1245 3952 omnino
1269 3895 1343 3953 ratio
1364 3894 1496 3972 perspici

316 4009 376 4052 111
412 3998 527 4072 potest,
569 4010 623 4051 cur
659 3991 780 4054 Plautus
822 3997 983 4051 amatorem
1020 4009 1139 4051 servum
1176 4009 1242 4051 esse
1279 3990 1406 4051 voluerit
1443 3983 1494 4073 (ci.

316 4108 345 4168 p.
371 4085 435 4151 153
444 4084 511 4173 sq.).

406 4187 426 4263 ξ
446 4183 475 4248 5.
517 4186 608 4247 Persa
627 4205 694 4247 cum
714 4185 799 4247 Gurc.
815 4185 900 4266 Epid.
915 4186 999 4247 Most.
1019 4187 1110 4248 Stich.
1130 4180 1266 4272 (Bacch.)
1274 4182 1299 4270 ¹)
1320 4189 1352 4246 iu
1370 4204 1495 4247 numero

317 4321 568 4390 Pseudo-Persam,
592 4323 642 4391 qui
661 4323 840 4393 peregrinum
859 4339 889 4378 se
908 4339 968 4377 esse
987 4323 1208 4392 praedicaverat,
1227 4322 1343 4378 domum
1362 4321 1496 4391 aliquam,

317 4419 375 4456 non
393 4405 506 4471 portum
523 4404 620 4472 petere
638 4403 741 4458 videat.

409 4484 434 4550 t)
454 4481 569 4539 Initium
587 4483 759 4538 Bacchidum
776 4485 912 4539 emissum
926 4487 976 4539 111.
