3275 5192
793 360 1037 424 -170—

322 545 443 626 quidem
467 544 511 606 illi
528 563 642 624 versus,
666 546 697 604 in
717 542 826 624 quibus
849 542 1022 604 celerrimae
1042 544 1278 621 argentariorum
1297 542 1384 622 lugae
1403 545 1508 621 imago

320 642 488 723 adhibetur,
510 642 563 705 ubi
581 644 712 722 primum
732 648 841 720 extant,
863 634 1035 724 (433sqq.)
1056 643 1167 720 optime
1186 644 1218 703 in
1237 649 1409 702 contextum
1428 659 1506 720 qua·

323 739 417 802 drant
463 741 526 802 Hoc
553 743 633 802 enim
661 740 725 801 loco
749 738 871 800 Toxilus
892 738 1019 800 [iordalo
1046 738 1120 800 dicit
1147 758 1179 800 se
1202 739 1315 800 idcireo
1338 741 1368 800 ei
1388 741 1505 800 iratum

321 839 428 919 luisse,
461 843 530 920 quia
563 839 621 900 sihi
653 846 808 918 argentum
841 837 964 899 credere
998 836 1097 898 nollet.
1152 837 1207 899 Cui
1239 836 1306 899 leno
1339 836 1507 917 respondet

321 955 353 998 se
378 939 451 998 satis
475 936 599 999 stultum
622 937 755 998 futurum
779 937 885 1015 luisse,
908 937 935 996 si
958 938 987 996 ei
1010 945 1165 1016 argentum
1188 935 1377 998 credidisset:
1401 952 1505 1014 neque

321 1037 402 1096 euim
427 1035 549 1097 dubium
572 1053 652 1115 esse,
676 1037 748 1114 quin
772 1033 822 1094 ille
845 1033 926 1095 idem
950 1035 1070 1096 fecisset
1092 1034 1173 1115 quod
1194 1034 1369 1114 plerumque
1392 1052 1505 1112 argeu-

320 1135 402 1194 tarii:
436 1152 524 1214 quos,
552 1137 578 1194 si
607 1132 679 1213 quid
705 1132 852 1194 creditum
881 1140 973 1210 esset,
1004 1135 1105 1194 statim
1132 1133 1260 1194 celerius
1290 1132 1354 1193 loro
1385 1132 1504 1211 lugere,

320 1249 409 1310 quam
428 1231 506 1293 ludis
526 1231 667 1312 leporem,
687 1251 754 1293 cum
774 1249 790 1291 e
809 1240 895 1311 porta
914 1233 1041 1292 emissus
1065 1239 1154 1292 esset.
1193 1230 1303 1291 Contra
1321 1231 1414 1291 altero
1433 1229 1504 1290 loco

320 1321 401 1410 (447
413 1323 491 1413 sqq.)
517 1329 620 1391 eadem
644 1330 791 1390 sententia
813 1329 914 1389 minus
938 1337 1005 1408 apte
1028 1331 1180 1390 contextui
1205 1331 1343 1389 convenit
1366 1336 1396 1389 et
1417 1328 1503 1389 ultro

319 1425 394 1486 aliae
419 1426 608 1488 difficultates
633 1425 785 1488 accedunt.
831 1425 976 1487 Dordalus
999 1445 1101 1488 secum
1119 1426 1296 1506 considerat,
1320 1429 1368 1488 cui
1392 1445 1502 1505 argen-

319 1531 384 1584 tum
407 1543 424 1584 a
446 1525 549 1586 Toxilo
572 1525 659 1586 modo
688 1531 843 1604 acceptum
871 1524 1067 1603 spectandum
1092 1525 1151 1605 det,
1180 1533 1280 1586 utrum
1307 1524 1435 1604 probum
1459 1526 1503 1585 sit

318 1638 413 1680 necne
439 1614 543 1705 (440).
589 1622 697 1683 Mirum
718 1630 764 1684 est
786 1622 933 1702 lenonem,
957 1625 1009 1703 qui
1032 1626 1063 1683 in
1087 1625 1254 1703 argentaria
1272 1624 1343 1684 satis
1361 1630 1501 1684 versatus

318 1735 387 1779 esse
411 1721 579 1782 censendus
603 1730 656 1801 est,
680 1723 798 1782 nescire
823 1722 872 1780 cui
895 1729 1052 1800 argentum
1071 1721 1265 1801 spectandum
1283 1721 1342 1801 det,
1364 1729 1399 1781 ut
1416 1728 1500 1782 totus

317 1833 423 1876 vorsus
451 1835 484 1877 ea
512 1821 639 1879 maxime
668 1819 704 1879 de
733 1837 822 1880 causa
850 1836 866 1879 a
894 1827 1086 1880 retractatore
1115 1819 1232 1880 additus
1263 1838 1329 1880 esse
1353 1817 1499 1898 videatur,

319 1920 352 1974 ut
384 1917 584 1995 occasionem,
618 1919 751 1995 quamvis
780 1918 954 1997 pessimam,
987 1918 1111 1979 haberet
1141 1916 1216 1976 illud
1249 1915 1284 1976 de
1317 1919 1498 1996 argentariis

317 2030 344 2070 v.
372 2009 438 2072 433
449 2031 512 2092 sqq.
548 2013 642 2075 111111
676 2013 788 2075 dictum
818 2016 981 2094 repetendi.
1038 2016 1160 2076 Toxilus
1190 2017 1282 2093 enim,
1318 2028 1498 2094 quamquam

317 2108 462 2172 Dordalus
490 2131 516 2171 v.
540 2107 607 2172 440
635 2129 736 2172 secum
766 2111 947 2174 deliberasse
975 2113 1143 2174 censendus
1166 2121 1225 2192 est,
1254 2120 1355 2174 tamen
1378 2132 1404 2172 1.
1428 2109 1494 2174 441

315 2226 354 2268 ex
378 2227 412 2269 11
437 2211 564 2288 quaerit:
589 2210 724 2287 sortasse
746 2214 855 2271 metuis
878 2215 910 2272 in
934 2229 1056 2272 monum
1080 2213 1287 2272 concredere?
1310 2210 1425 2272 scilicet
1447 2230 1496 2272 ar·

315 2308 461 2385 gontario,
485 2309 536 2386 qui
556 2315 711 2386 argentum
731 2314 854 2386 spectet
891 2306 1075 2388 Quamquam
1092 2326 1219 2386 persona
1237 2326 1297 2369 non
1315 2311 1495 2389 nominatur,

318 2405 364 2464 cui
390 2422 426 2464 ne
451 2412 606 2483 argentum
635 2405 795 2466 concredat
822 2405 889 2467 leno
917 2408 1036 2486 metuit,
1064 2413 1163 2466 tamen
1191 2408 1377 2484 argentarius
1400 2407 1494 2468 luisse

315 2501 484 2563 censendus
513 2509 571 2584 est3
604 2506 704 2583 itaque
731 2504 788 2564 1111
810 2523 899 2565 versu
923 2502 1020 2564 addito
1047 2506 1234 2565 retractatori
1257 2507 1373 2569 occasio
1397 2504 1493 2566 oblata

314 2607 362 2660 est
383 2599 449 2660 illas
474 2600 510 2661 de
534 2604 769 2680 argentariorum
793 2603 861 2681 luga
885 2602 1006 2662 facetias
1025 2602 1189 2681 repetendi,
1212 2621 1287 2682 quae
1311 2605 1384 2683 quin
1408 2621 1493 2682 spec-

315 2697 460 2759 tatoribus
493 2717 633 2777 magnum
665 2700 805 2778 gaudium
838 2700 993 2760 attulerint
1023 2718 1083 2761 non
1116 2700 1237 2762 dubium
1271 2709 1329 2780 est,
1362 2709 1492 2763 attamen

313 2797 459 2874 pessima:
483 2815 551 2856 nam
575 2816 644 2858 cum
662 2798 758 2858 Toxili
780 2799 908 2858 maxime
931 2799 1090 2857 interesset
1112 2797 1190 2858 hanc
1209 2816 1272 2859 rem
1292 2817 1379 2878 quam
1398 2800 1491 2860 celer·

316 2894 392 2953 rime
412 2893 554 2972 expediri,
577 2901 611 2955 ut
629 2903 751 2973 argento
771 2901 903 2974 spectato
922 2895 1022 2955 statim
1041 2897 1135 2956 amica
1154 2899 1218 2957 eius
1238 2915 1254 2956 a
1272 2896 1378 2958 lenone
1397 2897 1491 2958 libera

315 2991 410 3071 fieret,
430 2993 662 3071 exspectandum
681 3001 745 3054 erat
763 2993 847 3053 illum
863 2993 1001 3054 lenonem
1021 2993 1244 3056 adhortatumm
1257 2995 1359 3074 luisse,
1377 3003 1412 3056 ut
1426 2998 1493 3058 sine

313 3106 386 3149 cura
410 3093 586 3167 argentariis
610 3099 765 3168 argentum
790 3090 996 3178 concrederet:
1020 3091 1072 3152 sed
1095 3095 1193 3172 ipsum
1212 3096 1395 3154 contrarium
1420 3093 1492 3154 dicit

313 3193 344 3246 11
368 3185 483 3248 lenonis
507 3197 620 3250 metum
644 3196 744 3268 auget,
773 3207 842 3248 cum
866 3191 1049 3268 argentarios
1072 3199 1194 3270 argento
1218 3201 1338 3270 accepto
1362 3191 1490 3253 celerius

314 3303 331 3344 a
362 3284 425 3344 1111
456 3285 588 3349 11111111
619 3305 685 3348 1111
716 3287 807 3365 dicat,
840 3305 929 3365 quam
959 3296 1022 3349 rota
1054 3290 1085 3348 in
1111 3307 1201 3349 cursu
1234 3289 1489 3351 circumvertetur.

313 3379 417 3462 Neque
441 3392 601 3463 sequentes
623 3403 729 3446 versus
754 3384 963 3465 discrepantiis
987 3394 1101 3464 carent,
1125 3404 1199 3464 quas
1222 3385 1364 3462 Langen
1384 3384 1402 3443 1.
1423 3405 1445 3443 s.
1465 3404 1489 3445 s.

313 3479 432 3542 detexit.
479 3482 516 3543 Et
539 3485 604 3544 iure
627 3485 780 3562 1111111111,
805 3502 860 3543 cur
882 3484 1004 3545 Toxilus
1027 3484 1165 3544 lenonem
1188 3483 1328 3543 travorsis
1352 3481 1488 3558 angipor-

312 3579 350 3638 tis
375 3578 411 3639 ad
435 3581 531 3641 lorum
554 3583 599 3642 111
622 3580 724 3641 iubeat
747 3589 777 3641 et
800 3600 855 3641 cur
877 3583 949 3642 tanti
969 3583 1113 3658 aestimet,
1135 3588 1170 3640 ut
1187 3579 1281 3638 amica
1300 3578 1415 3638 occulte
1434 3596 1489 3655 per

311 3675 431 3738 hortum
455 3677 490 3738 ad
515 3697 547 3739 se
569 3681 677 3758 veniat,
702 3698 769 3740 oum
792 3681 824 3737 in
849 3680 951 3758 quinto
975 3685 1043 3739 actu
1066 3684 1168 3756 aperte
1192 3694 1260 3736 cum
1283 3694 1318 3736 ea
1341 3675 1488 3755 epuletur.

311 3773 433 3836 Accedit
461 3776 540 3855 quod
567 3779 614 3837 via
641 3795 696 3856 per
723 3778 912 3855 angiportum
943 3785 972 3837 et
998 3775 1131 3854 hortum,
1155 3793 1230 3855 quae
1254 3776 1343 3835 etiam
1366 3775 1398 3834 in
1422 3774 1487 3847 aliis

311 3872 473 3934 comoediis
497 3877 616 3954 saepius
640 3876 778 3952 occurrit,
801 3874 945 3934 hocloco
969 3875 1071 3934 nescio
1090 3891 1128 3934 an
1148 3871 1225 3933 male
1243 3874 1369 3952 repetita
1393 3874 1432 3932 sit
1450 3891 1486 3933 ex

309 3991 336 4032 v.
361 3967 536 4051 6111619,
558 3971 612 4033 uhi
635 3974 745 4051 optime
769 3975 800 4031 in
827 3979 997 4032 contextum
1021 3971 1158 4051 quadrat,
1182 3989 1250 4031 cum
1272 3970 1329 4031 hoo
1351 3970 1416 4030 loco
1440 3987 1486 4030 ra·

310 4070 391 4129 tione
415 4077 522 4130 careat.
568 4069 728 4148 Hucusque
759 4069 924 4148 Langeno
952 4069 1039 4149 plane
1063 4071 1217 4130 assentior.
1264 4067 1322 4128 Sed
1348 4066 1426 4145 quod
1451 4066 1486 4127 de

310 4164 424 4227 ultimis
447 4167 536 4228 huius
564 4185 671 4229 scenae
698 4167 835 4228 versibus
863 4161 953 4250 (441.
972 4163 1053 4253 448)
1078 4166 1162 4246 dicit,
1186 4165 1313 4247 probare
1336 4183 1396 4226 non
1418 4184 1485 4244 pos·

310 4283 385 4324 sum.
431 4263 555 4326 Micatur
578 4267 658 4327 enim
683 4284 779 4345 neque
803 4265 976 4346 intellegere
1000 4272 1110 4346 potest,
1138 4282 1192 4326 cur
1215 4263 1336 4325 Toxilus
1360 4265 1485 4324 amicam

308 4379 376 4422 cras
400 4361 519 4424 demum
544 4363 606 4425 deis
630 4366 754 4442 gratiam
777 4383 831 4442 pro
855 4365 1088 4425 manumissione
1111 4381 1199 4442 agere
1221 4361 1293 4422 velit
1315 4354 1394 4444 (441
1414 4380 1484 4438 oep-

302 4462 455 4535 ple'catum
479 4481 550 4524 cros
573 4456 646 4548 eet).
684 4461 910 4542 simplicissima
933 4470 979 4523 est
997 4480 1085 4523 causa
1109 4469 1140 4522 et
1157 4459 1296 4522 facillima
1318 4459 1486 4520 intellectu:
