3275 5192
615 366 857 432 -153-

140 560 174 614 et
196 554 370 613 inusitatum
390 559 445 612 est.
490 551 572 612 ldcm
592 569 660 612 cum
679 558 765 630 poeta
784 567 903 628 qnoque
924 549 1059 628 sentiret,
1082 550 1181 609 statim
1200 549 1322 610 ineunte

139 650 240 712 t'ahula
269 643 309 733 (v.
333 644 390 732 25)
418 649 509 711 verba
536 648 601 709 illa:
629 653 691 710 ium
720 653 803 710 serui
832 652 885 710 tric
917 640 1053 730 amont¹)
1085 648 1171 726 quasi
1200 665 1322 709 excusa·

139 749 253 808 tionem
277 747 407 807 afferens
429 747 592 825 praemisit.
638 745 796 807 Praeterea
824 746 898 807 haec
924 746 1001 806 mira
1024 763 1086 824 res,
1112 743 1191 824 quod
1215 747 1322 806 amatio

132 845 261 906 servilis
284 863 338 924 pro
362 852 536 923 argumento
561 843 675 904 tabulae
700 846 835 924 ponitur,
859 843 1004 922 singulari
1027 842 1203 904 condicione
1226 842 1323 903 Toxili

140 950 310 1004 excusatur.
357 939 460 1021 Neque
489 943 569 1002 enim
596 941 726 1020 vulgaris
754 960 859 1002 servus
887 949 944 1020 est,
973 940 1026 1002 sed
1054 941 1237 1004 ordinarius:
1263 939 1324 1001 dis·

138 1048 331 1121 pensatorem
354 1039 402 1100 vel
429 1048 560 1101 actorem
583 1039 629 1100 vel
651 1048 876 1120 procuratorem
905 1058 975 1101 eum
998 1057 1063 1100 esse
1086 1039 1251 1118 intellegas,
1274 1041 1323 1100 cui

141 1139 289 1218 dominae,
314 1157 381 1200 cum
405 1156 531 1218 peregre
556 1140 595 1199 sit
619 1132 659 1220 (v.
679 1133 747 1223 29),
771 1156 874 1201 curam
897 1140 989 1199 totius
1013 1137 1118 1198 domus
1142 1144 1172 1200 et
1195 1136 1324 1198 familiae

140 1239 335 1298 commiserit
380 1236 483 1316 ltaque
507 1238 600 1297 ceteri
624 1238 703 1298 servi
721 1236 881 1298 interiores
904 1243 934 1297 ct
958 1239 1023 1297 eius
1045 1237 1172 1315 imperio
1196 1234 1325 1296 subiecti

140 1342 225 1415 sunt,
254 1343 289 1398 ut
317 1352 378 1396 non
403 1334 572 1396 mirandum
599 1335 639 1395 sit
667 1334 817 1413 Toxilum,
849 1353 917 1395 eum
946 1331 999 1395 13
1029 1334 1115 1396 domo
1144 1333 1323 1412 egrediatur,

140 1435 237 1494 servis
261 1432 371 1513 quihus
394 1451 466 1494 cura
486 1432 602 1493 culinae
622 1440 653 1493 et
671 1451 762 1494 cenae
782 1435 942 1493 commissa
961 1439 1006 1493 est
1024 1433 1173 1511 imperare
1193 1439 1223 1493 et
1240 1450 1325 1492 man-

141 1531 210 1592 data
233 1531 313 1610 dare,
336 1549 433 1610 neque
457 1532 551 1610 magis
575 1530 733 1592 offensioni
756 1533 794 1592 sit
816 1530 953 1591 Toxilum
977 1529 1179 1609 compluriens
1200 1527 1325 1609 „erum“

138 1629 264 1709 Paegnii
296 1631 383 1708 pueri
415 1628 556 1709 appellari
585 1621 625 1711 (r.
655 1626 734 1709 247,
757 1623 848 1714 2ῖ7).
899 1628 980 1689 Fieri
1007 1635 1118 1707 potest,
1146 1635 1179 1688 ut
1202 1627 1324 1687 Toxilus

139 1727 222 1788 hunc
246 1729 432 1806 superiorem
460 1725 558 1786 locum
584 1726 799 1806 dispensatoris
827 1728 917 1788 etiam
941 1745 991 1787 cro
1018 1726 1099 1786 domi
1120 1733 1258 1786 versante
1280 1733 1326 1786 te·

139 1843 215 1886 nere
238 1824 408 1886 censendus
432 1826 479 1903 sit,
502 1842 599 1904 neque
623 1842 694 1885 vero
717 1826 817 1885 minus
840 1826 1033 1904 perspicuum
1057 1832 1104 1883 est
1126 1841 1195 1884 eum
1219 1822 1324 1883 ahsen-

140 1925 182 1983 tia
216 1925 260 1984 eri
292 1922 456 1984 insolenter
488 1930 518 1983 et
549 1922 708 1983 immodice
741 1922 836 1984 abuti:
868 1922 949 1982 velut
982 1917 1127 1981 ‘basilice’
1159 1921 1324 2000 eleutheria

140 2029 264 2082 acturus
288 2028 333 2082 est
357 2014 397 2104 (v.
415 2015 484 2106 29),
508 2020 739 2099 Sagaristionem
764 2019 800 2080 ad
824 2016 1001 2080 ‘basilicam'
1025 2037 1129 2080 cenam
1155 2026 1249 2097 vocat,
1271 2018 1324 2080 uhi

141 2120 294 2181 luxuriose
318 2127 348 2180 et
370 2118 500 2180 iucunde
523 2121 623 2179 vivere
646 2117 749 2179 volunt
769 2111 808 2201 (v.
825 2112 893 2202 31),
916 2116 947 2178 id
971 2116 1050 2197 quod
1073 2119 1105 2177 in
1129 2119 1233 2197 quinto
1255 2125 1323 2179 actu

141 2219 182 2280 ad
210 2219 349 2279 effectum
379 2217 542 2297 adducunt,
572 2219 716 2295 parasito,
747 2219 833 2278 cuius
861 2235 951 2297 opera
975 2217 1003 2277 ei
1028 2234 1102 2294 opus
1126 2223 1184 2294 est,
1212 2217 1323 2276 victum

140 2317 274 2397 praehet,
298 2325 430 2379 scortum
455 2316 545 2377 ducit.
592 2315 671 2376 Haeo
694 2317 793 2376 omnia
814 2314 933 2375 domino
960 2322 1118 2393 praesente
1141 2331 1180 2374 ne
1204 2313 1323 2393 dispen-

142 2423 223 2498 sator
248 2413 368 2494 quidem
393 2413 450 2474 sihi
475 2431 593 2476 sumere
617 2414 723 2491 potuit,
746 2412 798 2473 sed
822 2431 890 2474 cum
910 2413 959 2472 hio
977 2429 1104 2491 peregre
1123 2413 1171 2490 sit,
1195 2411 1324 2491 superbe

143 2513 321 2591 dominatur,
345 2530 414 2572 cum
437 2531 523 2574 nemo
548 2513 596 2590 sit,
620 2513 672 2590 qui
694 2510 846 2590 impediat.
891 2509 967 2571 lllud
986 2517 1084 2571 autem
1102 2510 1177 2570 mihi
1199 2527 1324 2587 prorsus

142 2611 251 2672 lalsum
283 2627 348 2670 esse
376 2608 506 2688 videtur,
535 2608 614 2689 quod
642 2608 804 2689 lsendijk
833 2611 961 2670 maxime
985 2609 1117 2670 offensus
1140 2607 1237 2667 Toxili
1261 2626 1324 2669 ser·

140 2727 244 2787 mone,
274 2710 327 2787 qni
356 2709 451 2786 magis
481 2707 609 2768 hominis
639 2706 729 2768 liberi
758 2727 847 2787 quam
878 2709 956 2768 servi
984 2708 1116 2786 speciem
1143 2713 1202 2767 tota
1226 2705 1326 2767 l'ahula

235 2908 260 2977 1)
280 2906 358 2961 Haec
380 2906 466 2961 verba
488 2909 590 2975 poetae
613 2905 720 2960 Graeco
744 2906 887 2960 vindicare
910 2924 966 2960 non
990 2905 1097 2960 dubito.
1134 2905 1207 2958 Nam
1226 2922 1325 2973 quam·

144 3003 230 3056 qnam
249 2987 367 3040 nimiam
385 2987 545 3042 Atticorum
564 3002 706 3040 serrorum
724 2986 870 3040 licentiam
885 2986 1028 3050 Romanis,
1048 2985 1124 3053 apud
1143 3001 1213 3052 quos
1233 3000 1323 3038 servo·

142 3086 205 3121 rum
229 3067 357 3122 condicio
382 3067 533 3121 durissima
560 3069 590 3121 et
612 3067 787 3120 severissimo
810 3066 878 3132 fuit,
902 3065 1055 3120 admodum
1078 3065 1178 3119 mirem
1197 3067 1226 3118 et
1243 3066 1323 3118 note-

143 3147 230 3202 bilem
253 3146 342 3203 fuisse
364 3163 477 3202 necesse
505 3150 549 3201 cst
575 3147 696 3214 ideoque
718 3149 821 3216 poetae
843 3147 969 3200 Romano
992 3145 1084 3216 magis
1107 3163 1192 3215 quem
1216 3144 1324 3201 Graeco

144 3227 325 3283 excusatione
344 3244 414 3296 opus
434 3230 503 3294 erat,
527 3227 551 3280 si
571 3243 692 3293 serrum,
716 3227 796 3280 cuius
822 3226 941 3281 audacie
962 3225 1076 3280 modum
1095 3226 1228 3280 excedere
1246 3226 1324 3280 ride-

143 3309 240 3375 ]oatur,
269 3307 394 3374 induxit,
422 3310 531 3374 tamen,
559 3311 592 3360 ut
617 3309 727 3362 ceterae
749 3306 851 3377 viginti
874 3306 989 3361 fabulae
1012 3306 1126 3373 docent,
1153 3306 1324 3368 amationem

146 3387 274 3442 senilem
300 3405 352 3458 pro
377 3391 542 3458 argumento
567 3386 729 3441 comoediae
754 3389 822 3456 poni
850 3387 937 3442 etiam
959 3387 1062 3440 Atticis
1088 3385 1235 3441 insolitum
1259 3385 1324 3453 fuit,

146 3469 317 3537 quapropter
339 3485 375 3522 ne
394 3468 489 3524 Attico
513 3467 628 3536 quidem
651 3469 752 3536 poetae
775 3466 864 3520 talem
883 3466 1091 3521 excusationem
1110 3465 1210 3520 efferre
1228 3483 1325 3536 super-

145 3565 299 3605 vacaneum
327 3549 414 3603 fnisse
441 3548 561 3603 ridetur.
608 3547 716 3602 Eadem
742 3546 884 3601 sententia
907 3550 950 3601 est
973 3547 1004 3601 Ο.
1030 3547 1184 3617 Seyffert
1202 3546 1233 3600 in
1251 3547 1324 3600 Ann.

146 3630 222 3684 Burs.
244 3634 313 3683 1895
332 3629 359 3682 ll
377 3647 404 3698 p.
420 3634 469 3697 40,
489 3646 552 3683 oum
570 3628 670 3683 Plauto
693 3628 764 3681 haec
782 3629 869 3682 verba
888 3629 996 3683 tribnat
1014 3627 1243 3682 Wilamowitz
1262 3628 1281 3681 l.
1301 3644 1324 3683 c.

146 3728 172 3779 p.
189 3716 231 3765 19.
250 3741 284 3751 -
304 3708 369 3763 Alio
388 3714 431 3766 est
448 3710 522 3764 ratio
545 3709 693 3764 verborum
716 3709 838 3776 quaein
857 3707 954 3762 Sticho
977 3707 1073 3761 fabula
1091 3712 1178 3778 poeta
1197 3708 1325 3762 Stichum

146 3791 308 3858 loquentem
326 3790 397 3845 iacit
416 3792 445 3845 et
463 3807 535 3858 quae
554 3790 660 3860 optime
678 3789 733 3843 huc
752 3787 873 3843 conferri
890 3789 1009 3856 possunt
1027 3790 1090 3857 (llo
1101 3789 1184 3857 sqq.):

360 3891 450 3959 Atque
469 3890 500 3944 td
517 3907 551 3944 ne
570 3906 616 3944 oos
634 3889 780 3953 miremini,
798 3887 920 3940 homines
938 3887 1057 3941 servulos

360 3973 471 4037 Potare,
490 3987 583 4024 amare
602 3976 681 4038 atque
700 3969 738 4022 ad
756 3984 851 4022 cenam
869 3967 1021 4021 condicere:

361 4051 439 4105 Licet
456 4051 522 4104 haec
540 4051 657 4104 Athenis
675 4049 763 4104 nobie.

145 4166 207 4220 Hae
226 4183 336 4234 quoque
355 4166 386 4221 in
405 4165 503 4220 fabula
523 4183 586 4219 cum
605 4164 677 4219 servi
696 4164 814 4218 nimiam
829 4162 978 4217 audaciam
994 4178 1061 4230 pree
1077 4178 1106 4215 se
1120 4161 1221 4229 lerant,
1240 4164 1325 4230 poeta

146 4263 176 4299 se
201 4246 275 4300 hanc
303 4245 511 4300 exeusationem
540 4244 746 4315 spectatoribus
773 4243 875 4298 debere
899 4243 1018 4313 poturit.
1064 4241 1119 4296 Sed
1144 4241 1215 4295 haec
1238 4242 1325 4296 verba

148 4327 235 4380 multo
256 4326 358 4380 certius
372 4325 473 4380 Plauto
490 4325 662 4380 vindicanda
681 4326 746 4378 sunt
765 4339 850 4392 quam
870 4340 943 4392 quae
957 4325 987 4377 in
1001 4323 1086 4377 Persa
1100 4322 1240 4392 leguntur,
1260 4339 1324 4376 eum

146 4407 280 4460 nimirum
298 4423 354 4460 non
372 4408 432 4460 tam
450 4405 637 4459 Athenienses
657 4421 741 4474 quem
760 4404 904 4458 Romanos
923 4420 993 4473 opus
1012 4404 1087 4456 esset
1103 4404 1136 4454 ut
1153 4402 1239 4469 poeta
1258 4400 1324 4454 edo-

147 4488 223 4540 ceret
237 4485 325 4540 talem
344 4502 486 4540 servorum
504 4485 650 4548 licentiam
669 4483 781 4553 qualem
801 4483 920 4554 fingeret
938 4482 1056 4536 Athenis
1075 4479 1206 4552 grassari.
