3275 5192
788 360 1032 424 -148-

316 546 405 606 etiarn
438 550 600 622 repeteret,
633 545 664 602 in
696 543 756 602 stne
785 560 892 602 scenae
921 560 954 602 se
983 541 1087 602 Toxilo
1120 559 1188 602 erae
1221 559 1292 603 suae
1325 541 1461 604 mandata
1469 538 1495 625 1)

317 640 481 702 delaturam
505 658 571 702 esse
594 641 749 719 promittit,
772 648 806 701 ut
831 658 865 700 ea
889 656 979 718 opera
1003 639 1218 700 Lemniselenis
1242 639 1336 701 libera
1359 642 1408 701 sit·

405 739 432 800 ll
446 736 476 800 2.
513 736 598 809 Quod
623 737 771 798 Toxilus
801 739 833 798 in
864 737 924 797 line
953 738 1043 816 primi
1074 745 1158 798 actus
1187 738 1340 815 protessus
1371 746 1434 799 erat
1465 757 1497 798 se

317 837 518 898 Lemniseleni
548 837 686 896 nuntium
722 842 752 896 et
785 833 898 896 litteras
928 836 1090 895 missurum
1121 852 1201 912 esse,
1235 844 1269 896 ut
1295 835 1405 896 bonnm
1435 838 1497 896 ani·

316 953 399 998 mum
422 933 558 1011 haberet,
580 932 612 993 id
634 933 689 993 hac
713 934 744 993 in
768 950 857 992 scena
881 934 1063 1011 exsequitur.
1109 932 1263 1011 Paegnio
1286 952 1379 1012 puero
1403 935 1496 995 valer·

317 1035 393 1093 rimo
417 1042 447 1092 et
469 1029 664 1092 audacissimo
683 1029 811 1108 mandat,
836 1037 870 1091 ut
888 1032 999 1091 amicae
1019 1049 1090 1091 suae
1108 1030 1222 1091 litteras
1242 1029 1355 1092 delerat
1374 1040 1404 1093 et
1422 1050 1497 1112 quae

318 1131 440 1192 iusserit
461 1131 587 1189 nuntiet
632 1128 791 1207 Postquam
815 1129 864 1188 hic
888 1147 939 1188 ero
963 1147 1018 1189 suo
1041 1126 1183 1189 audacter
1205 1128 1390 1210 respondens
1413 1149 1497 1209 spec-

317 1236 428 1288 tatores
447 1225 612 1305 oblectavit,
636 1226 757 1286 Toxilus
777 1223 897 1286 domum
916 1225 978 1287 abit
997 1234 1027 1287 et
1046 1225 1322 1306 Sophoclidisca
1340 1247 1498 1307 progressa

301 1425 373 1485 ¹ciis
411 1422 578 1501 rependens
616 1419 838 1500 Sophoclidisca
875 1439 907 1482 se
944 1421 1047 1482 Toxilo
1090 1423 1228 1503 tabellas,
1266 1423 1427 1502 Paegnium
1465 1443 1498 1484 sc

320 1519 357 1583 ad
383 1520 619 1582 Lemniselenem
654 1518 837 1597 obsignatam
869 1519 996 1580 abietem
1030 1521 1108 1581 ferre
1131 1522 1318 1600 profitentur.
1364 1521 1497 1602 Denique

317 1618 436 1698 abeunt,
459 1626 616 1697 postquam
636 1616 708 1696 quid
726 1617 842 1678 litterae
861 1619 1058 1696 continerent,
1081 1627 1188 1680 neuter
1205 1619 1344 1698 prodidit.

408 1713 478 1776 113.
517 1715 721 1794 Sagaristio
749 1713 856 1793 gaudio
884 1715 982 1776 alacer
1011 1715 1146 1794 procedit
1174 1726 1203 1778 et
1227 1716 1273 1778 dis
1297 1720 1407 1798 gratias
1431 1720 1498 1797 agit,

320 1813 398 1894 quod
423 1813 480 1874 sibi
504 1815 592 1875 amici
615 1813 773 1875 adiuvandi
795 1816 981 1875 occasionem
1005 1813 1176 1876 obtulerint.
1218 1814 1292 1877 Nam
1316 1814 1352 1877 ab
1371 1834 1423 1877 ero
1441 1815 1500 1876 sihi

319 1920 476 1991 argentum
500 1910 600 1972 datum
624 1929 699 1989 esse,
722 1919 757 1972 ut
774 1911 908 1972 Eretriae
931 1911 1021 1972 boves
1045 1912 1181 1990 solveret,
1205 1933 1279 1993 quos
1302 1914 1352 1975 ille
1376 1912 1499 1975 nudius·

320 2012 465 2089 septimus
490 2010 619 2071 emisset.
667 2008 704 2069 Se
727 2017 827 2070 autern
850 2028 926 2089 quae
950 2028 1020 2070 erus
1043 2010 1242 2073 mandavisset
1270 2011 1343 2073 adeo
1366 2031 1425 2073 non
1449 2030 1500 2072 ex·

320 2115 493 2169 secuturum
527 2125 607 2185 esse,
639 2115 673 2168 ut
700 2106 750 2167 illo
778 2117 902 2186 argento
929 2117 960 2169 et
987 2110 1114 2169 amicum
1145 2109 1279 2170 molestia
1312 2109 1440 2171 liberare
1470 2120 1499 2170 et

320 2208 409 2284 genio
437 2224 490 2266 suo
518 2205 611 2267 multa
638 2205 715 2265 bona
745 2205 842 2266 lacere
872 2213 902 2266 et
930 2224 981 2266 ero
1008 2222 1098 2285 parco
1127 2206 1284 2286 retuloque
1309 2206 1407 2268 dolum
1431 2227 1499 2268 nec·

319 2312 384 2364 tere
408 2303 506 2364 vellet

409 2398 484 2463 114.
530 2401 736 2480 Paegnium,
774 2403 825 2480 qui
856 2403 971 2462 interea
1004 2401 1100 2461 Toxili
1137 2401 1308 2464 mandatum
1342 2412 1500 2465 exsecutus

321 2499 520 2562 Lemniseleni
548 2500 664 2560 litteras
693 2499 811 2579 detulit,
841 2499 1127 2578 Sagaristionem
1155 2503 1185 2560 in
1214 2520 1303 2562 scena
1331 2510 1499 2564 versantem

321 2600 459 2661 convenit
482 2605 512 2658 et
535 2597 571 2658 ab
591 2617 625 2658 eo
644 2600 853 2677 interrogatus,
876 2597 928 2658 uhi
947 2597 1070 2659 Toxilus
1091 2617 1161 2659 erus
1180 2601 1227 2677 sit,
1251 2619 1283 2661 se
1304 2599 1402 2661 dicere
1421 2601 1499 2662 nolle

321 2695 490 2776 respondet.
527 2695 620 2756 lmmo
638 2697 805 2775 procaciter
823 2704 852 2757 et
866 2695 1056 2775 impudenter
1070 2696 1186 2759 locutus
1202 2697 1411 2777 Sagaristionis
1424 2702 1499 2761 iram

321 2795 582 2855 vehementissime
607 2796 722 2854 excitat
759 2793 816 2854 Ubi
836 2794 917 2873 abiit,
940 2796 966 2855 is
990 2813 1079 2874 quem
1099 2794 1259 2875 Sagaristio
1282 2800 1411 2859 maxime
1431 2817 1500 2860 cou-

321 2894 423 2953 venire
447 2890 594 2970 cupiebat,
617 2890 760 2971 procedit.

411 2985 481 3050 115.
518 2989 665 3050 Toxilus
695 2991 758 3068 ipse
787 3009 856 3051 curn
879 2991 1101 3070 Sophoclidisca
1129 2993 1207 3054 foras
1234 2995 1426 3074 progreditur
1453 3013 1500 3054 ea-

322 3106 380 3168 que
410 3087 487 3148 bono
515 3106 583 3148 cum
611 3091 715 3149 nuntio
744 3087 780 3149 ad
803 3089 1039 3151 Lemniselenem
1072 3090 1193 3152 dimissa
1217 3092 1500 3171 Sagaristionem

322 3187 477 3264 conspicit.
523 3184 577 3247 Hic
606 3193 704 3247 autem
732 3189 897 3248 cruminam
926 3197 1049 3267 argento
1078 3189 1234 3268 repletam,
1257 3206 1345 3268 quam
1369 3191 1401 3248 in
1424 3186 1500 3248 collo

322 3285 408 3364 gerit,
431 3285 530 3344 iocose
548 3287 692 3346 vomicam
717 3303 782 3346 esse
807 3269 946 3348 didtitans
969 3307 1058 3367 quam
1079 3306 1117 3347 ne
1136 3290 1259 3364 attingat
1278 3292 1387 3365 careat,
1410 3305 1500 3366 pecu-

322 3383 402 3442 niam
432 3400 520 3461 quam
550 3401 581 3443 se
606 3391 844 3462 comparaturum
869 3401 935 3444 esse
960 3385 1132 3462 promiserit
1155 3385 1254 3443 inesse
1278 3382 1372 3441 amico
1396 3385 1499 3461 aperit.

322 3479 445 3540 Toxilus
474 3498 505 3540 sc
534 3498 621 3540 omne
650 3488 806 3559 argentum
833 3500 902 3542 mox
930 3484 959 3541 ei
986 3481 1172 3541 redditurum
1201 3497 1266 3538 esse
1291 3477 1387 3539 denuo
1415 3480 1499 3559 polli-

323 3585 417 3656 cetur,
441 3596 509 3637 cum
532 3579 591 3637 iam
614 3597 717 3639 omnes
737 3578 944 3657 sycophantias
967 3579 1152 3653 instruxerit,
1175 3584 1208 3635 ut
1231 3594 1248 3634 a
1270 3574 1377 3636 lenone
1396 3596 1500 3654 argen-

323 3684 386 3735 tum
411 3693 515 3735 rursus
539 3675 677 3736 auferret.
723 3675 767 3736 Ad
791 3695 880 3754 quern
905 3673 1003 3734 dolum
1023 3675 1092 3752 quia
1107 3673 1317 3750 Sagaristionis
1340 3673 1449 3733 auxilio
1473 3675 1501 3730 ei

323 3791 398 3851 opus
422 3781 476 3851 est,
498 3773 579 3833 hunc
603 3771 744 3834 docturus
768 3773 888 3833 domum
912 3770 1040 3831 abducit

412 3870 451 3930 lll
468 3867 495 3932 1.
534 3872 677 3932 Saturio
700 3873 849 3949 parasitus
873 3888 941 3929 cum
965 3868 1043 3927 lilia
1067 3885 1120 3927 sua
1139 3868 1275 3946 procedit
1296 3876 1325 3929 et
1343 3876 1499 3947 postquam

323 3987 356 4029 se
385 3971 482 4029 omnia
510 3968 633 4030 consilia
661 3969 894 4027 communicasse
923 3983 1057 4044 quaeque
1085 3983 1135 4025 res
1163 3974 1302 4045 ageretur
1328 3967 1500 4044 exposuisse

309 4067 410 4147 dixit,
438 4067 528 4127 liliam
555 4064 643 4125 hodie
672 4065 773 4124 venire
802 4065 918 4142 repetit
964 4061 1044 4122 Haec
1073 4070 1173 4124 autem
1196 4063 1389 4143 lepidissimis
1412 4081 1500 4142 argu-

414 4240 440 4306 1)
460 4236 543 4290 Cuius
566 4236 677 4308 generis
701 4236 770 4290 haec
792 4236 928 4290 mandata
951 4235 1069 4302 fuerint,
1093 4253 1265 4305 quamquam
1287 4236 1341 4290 hac
1363 4237 1394 4290 in
1417 4249 1501 4290 scena

322 4334 380 4371 non
403 4317 472 4370 eatis
496 4316 571 4371 clare
594 4318 755 4386 exponitur,
783 4319 878 4370 tamen
903 4315 987 4370 focile
1010 4316 1139 4388 intellegi
1162 4319 1256 4387 potest
1278 4315 1501 4370 Lemniselenem

323 4413 375 4466 per
397 4396 529 4450 ancillam
553 4413 634 4450 suam
657 4396 786 4453 Toxilum
808 4412 933 4464 monere,
956 4397 990 4449 ut
1013 4397 1103 4467 ipsam
1128 4412 1213 4465 qnam
1237 4396 1374 4452 citissime
1391 4396 1501 4461 liberet,

323 4477 354 4531 id
374 4477 449 4545 quod
468 4494 483 4531 e
501 4477 626 4534 versibus
647 4484 786 4534 tot-303
805 4478 953 4549 perspicue
972 4477 1072 4533 elucet.
