3275 5192
237 1459 311 1520 Cum
331 1461 389 1519 iam
410 1457 460 1518 diu
478 1457 553 1518 nulii
574 1457 749 1518 dubitationi
768 1457 928 1519 obnoxium
948 1458 1047 1537 suerit,
1066 1460 1138 1537 quin
1157 1458 1324 1534 Terentius,
1399 1512 1405 1527 ,

147 1565 249 1638 utpote
278 1572 367 1636 quem
394 1557 521 1616 maxime
550 1555 758 1635 Menandrum,
789 1554 922 1617 secundo
947 1556 1011 1616 ioco
1034 1555 1242 1635 Apollodorum
1266 1556 1325 1616 sihi

146 1653 307 1715 imitandos
331 1655 522 1734 proposuisse
547 1673 581 1714 ex
606 1653 726 1714 indiciis
755 1656 816 1714 sive
845 1655 940 1733 ipsius
968 1656 1029 1715 sive
1052 1653 1159 1715 Donati
1185 1647 1324 1733 sciamus,

148 1755 179 1813 in
203 1751 364 1813 comoediis
388 1751 509 1814 Graecis
533 1753 622 1814 latine
647 1751 850 1831 exprimendis
873 1760 974 1831 poetas
997 1771 1089 1813 novae
1114 1760 1228 1813 tantum
1250 1751 1324 1813 Atti·

146 1869 250 1910 corum
275 1850 443 1912 comoediae
467 1858 588 1912 secutus
611 1853 658 1929 sit,
681 1853 713 1910 in
736 1849 832 1911 Plauti
855 1849 990 1929 reliquiis
1014 1869 1073 1910 non
1097 1850 1200 1912 eadem
1223 1851 1324 1912 condi·

146 1949 232 2009 cione
255 1950 376 2028 utimur,
400 1968 468 2010 cum
492 1967 544 2010 sex
567 1956 682 2020 tantum
707 1947 873 2010 fabularum
896 1955 1032 2010 auctores
1052 1947 1180 2010 Graecos
1202 1968 1238 2010 ex
1255 1969 1324 2030 pro·

147 2046 279 2126 logorum
312 2046 432 2108 iudiciis
464 2046 510 2108 vel
544 2045 713 2107 didascaliis
740 2049 926 2126 noverimus,
959 2055 1127 2108 ceterarum
1154 2047 1324 2126 quindecim

145 2152 284 2206 auctores
313 2163 349 2206 ex
375 2144 495 2205 indiciis
524 2143 643 2205 aliunde
672 2146 774 2223 petitis
803 2152 833 2205 et
856 2147 974 2224 saepius
997 2163 1104 2224 parum
1134 2148 1224 2223 certis
1252 2166 1324 2208 enu-

146 2242 243 2303 cleare
268 2244 362 2303 coacti
386 2244 488 2303 simus
534 2242 635 2321 ltaque
654 2261 714 2302 nou
733 2241 902 2303 mirandum
921 2249 968 2303 est
986 2244 1058 2303 satis
1074 2242 1129 2303 diu
1148 2245 1227 2305 inter
1245 2236 1324 2314 viros

147 2339 249 2400 doctos
273 2342 304 2399 in
323 2342 525 2401 controversia
544 2341 645 2419 fuisse,
669 2335 796 2420 quorum
816 2348 973 2420 poetarum
992 2339 1172 2417 Graecorum
1191 2333 1324 2423 exempla

148 2436 269 2499 Plautus
301 2438 358 2498 sihi
389 2437 545 2518 delegerit,
578 2445 679 2500 utrum
709 2457 802 2500 novae
834 2438 929 2500 solum
959 2438 1124 2500 Atticorum
1155 2440 1324 2502 comoediae

145 2523 284 2597 auctores
308 2543 429 2598 secutus
453 2539 492 2598 sit
515 2555 552 2597 an
576 2555 612 2598 ex
635 2535 733 2598 media
756 2555 874 2616 quoque
898 2537 1040 2597 nonnulla
1059 2545 1232 2616 argumenta
1249 2541 1325 2618 peti.-

146 2635 230 2694 verit.
277 2633 356 2704 Quin
380 2636 469 2696 etiam
493 2635 623 2714 inerunt,
647 2637 699 2715 qui
722 2633 858 2696 Plautum
882 2635 1092 2714 Epicharmum
1118 2654 1236 2715 quoque
1259 2638 1325 2696 imi-

146 2738 241 2791 tatum
265 2749 331 2793 esse
356 2741 384 2794 et
404 2732 532 2794 fabulam
550 2733 780 2794 Rhinthonicam
800 2736 985 2813 expressisse
1006 2722 1229 2795 contenderent.
1266 2733 1325 2798 Sed

148 2827 185 2888 de
214 2828 270 2888 hac
300 2832 459 2909 sententia,
490 2850 578 2911 quam
606 2833 721 2910 primus
750 2826 913 2916 Grysar1)
944 2834 1111 2912 proposuit,
1141 2831 1247 2893 deinde
1268 2832 1325 2895 ,aiii

147 2924 360 3005 probaverunt,
389 2934 486 2988 actum
511 2937 569 3008 est,
597 2937 753 3009 postquam
778 2925 974 3015 Ladewig²)
999 2949 1065 2992 eam
1088 2931 1206 2992 refellit.
1242 2930 1325 2992 Idem

147 3024 193 3082 vir
217 3022 320 3084 doctus
338 3023 561 3103 Amphitruonis
586 3034 616 3086 et
635 3025 823 3106 Captivorum
843 3027 1046 3089 Plautinarum
1066 3028 1199 3108 exempla
1214 3027 1325 3090 Graeca

147 3139 164 3181 e
183 3119 282 3180 media
301 3120 453 3182 comoedia
472 3125 564 3202 petita
584 3109 649 3184 esse
664 3119 785 3209 putat.⁸)
824 3125 879 3186 Cui
898 3145 966 3186 cum
985 3126 1035 3186 aiii
1054 3126 1125 3187 alias
1144 3126 1257 3187 fabulas
1271 3129 1324 3187 tri·

146 3217 280 3280 huendas
296 3237 362 3280 esse
377 3219 538 3280 censebant
548 3217 825 3307 tumMeinoke4),
839 3225 1039 3302 peritissimus
1049 3223 1099 3285 ilie
1109 3223 1199 3286 iudex
1209 3243 1325 3286 comoe-

147 3316 212 3377 diae
242 3315 384 3396 Graecac,
415 3317 563 3397 „mediam
591 3320 755 3381 Atticorum
784 3321 967 3382 comoediam
993 3322 1131 3402 pluribus
1158 3325 1190 3383 in
1218 3323 1325 3384 fabulis

147 3417 332 3494 expressisse
350 3414 506 3477 Plautum“
524 3417 683 3480 contendit.
721 3418 868 3498 Equidem
892 3439 960 3481 cum
983 3439 1076 3481 novae
1095 3420 1190 3481 solum
1209 3440 1324 3483 comoe-

149 3511 214 3573 diae
237 3513 350 3574 fahulas
374 3533 390 3574 a
410 3514 513 3575 Plauto
537 3515 628 3577 latine
652 3535 807 3597 expressas
832 3536 898 3578 esse
922 3537 1041 3598 sempor
1064 3519 1137 3579 mihi
1160 3521 1324 3598 persuasis.-

147 3600 220 3689 sem,
243 3611 316 3672 haec
339 3630 405 3672 mea
429 3616 575 3674 sententia
604 3615 776 3675 confirmata
805 3621 835 3676 et
861 3606 1089 3695 haudquaquam
1111 3615 1256 3677 labefacta
1279 3626 1325 3679 est

148 3707 234 3776 docta
263 3707 468 3771 dissertatione
492 3711 539 3771 Fr.
563 3707 801 3797 Hueffneri5),
830 3715 882 3792 qui
910 3733 1013 3775 omues
1037 3713 1151 3775 iahulas
1174 3714 1325 3777 Plautinas

146 3805 267 3867 iudiciis
295 3825 330 3867 ex
359 3809 432 3886 ipsis
456 3810 618 3871 comoediis
642 3811 756 3872 haustis
781 3810 818 3871 ad
841 3830 946 3871 novam
971 3810 1153 3873 comoediam
1176 3816 1325 3874 revocavit

147 3911 267 3984 praeter
284 3923 383 3984 unam,
403 3926 490 3985 quam
505 3907 598 3969 solam
616 3908 861 3971 Demosthenicae
881 3912 985 3971 aetatis
1005 3928 1070 3972 esse
1090 3918 1202 3991 censet,
1223 3931 1324 3991 quam.-

146 4021 236 4082 quam
264 4010 349 4063 antea
378 4022 442 4064 eam
470 4024 560 4066 novae
585 4007 753 4069 comoediae
782 4027 849 4096 esse
872 4008 999 4088 probare
1023 4015 1145 4070 conatus
1169 4017 1241 4071 erat
1287 4010 1325 4072 Ut

283 4192 324 4246 De
342 4192 468 4248 Doricos.
489 4211 557 4248 com.
577 4215 605 4266 p.
625 4202 774 4253 coo-304.

236 4195 263 4340 dd
281 4259 358 4327 iiber
367 4271 531 4331 dcnKonon
541 4273 741 4331 desVolcutius
752 4277 1083 4350 Sedigitusffleustrelitz
1094 4282 1174 4349 1842)
1183 4298 1211 4349 p.
1223 4285 1323 4348 ltsqq.

236 4355 263 4415 3)
281 4352 311 4406 L.
332 4370 354 4406 c.
374 4371 401 4422 p.
419 4358 461 4407 to.
569 4357 596 4424 4)
615 4355 688 4411 Hist.
707 4358 768 4412 crit.
787 4377 814 4428 p.
831 4363 891 4412 303.

237 4433 263 4502 5)
281 4432 324 4486 De
349 4433 444 4487 Plauti
470 4434 677 4490 comoediarum
703 4437 839 4508 exemplis
865 4437 968 4493 Atticis
994 4439 1174 4507 quaestiones
1200 4440 1323 4494 maxime

148 4510 367 4582 chronologicae.
406 4513 481 4569 Gott.
503 4520 579 4570 1894.

202 4609 407 4654 dementationes
421 4615 536 4656 Ienenses.
565 4617 631 4667 VIII,
647 4621 666 4658 1.
1058 4614 1091 4662 10

639 4723 907 4830 829043
