3275 5192
684 365 928 429 -167-

211 547 382 607 ficationem
405 546 583 608 venditionis
606 548 638 606 in
665 548 796 626 speciem
825 547 974 608 faciendae
1003 567 1020 608 a
1046 555 1133 628 poeta
1160 549 1215 608 hac
1242 551 1273 609 in
1304 567 1392 609 scena

209 663 247 705 ac
275 663 335 705 non
364 647 394 704 in
425 643 546 724 prologo
577 647 685 706 amisso
717 645 823 705 iactam
853 663 933 723 esse,
966 664 1034 707 cnm
1065 647 1206 707 nimimm
1236 664 1296 707 non
1325 646 1392 725 plns

205 748 395 822 spectatores
423 761 512 821 quam
536 742 652 805 Saturio
681 744 794 804 scirent
822 750 974 822 oporteret
1000 745 1145 823 virginem
1173 762 1232 803 non
1256 762 1290 805 re
1313 762 1391 821 vera,

208 839 266 901 sed
290 841 388 920 specie
413 837 449 899 ad
474 838 707 902 defraudandum
729 840 868 902 lenonem
891 844 1002 904 venire.

608 1102 642 1168 11
677 1103 721 1168 De
745 1104 991 1184 retractatione,

300 1247 373 1328 56.
420 1250 493 1311 Cum
526 1252 558 1310 in
590 1268 695 1330 magna
727 1259 810 1330 parte
845 1268 961 1330 eorum,
994 1269 1069 1330 quae
1102 1250 1197 1312 adbuc
1231 1251 1388 1330 disputavi,

206 1352 336 1410 maxime
367 1349 398 1409 id
429 1347 593 1428 studerem,
623 1356 656 1410 ut
686 1348 875 1410 ostenderem
902 1348 1043 1429 pleraque
1066 1351 1150 1428 vitia,
1181 1368 1256 1428 quae
1278 1367 1385 1428 parum

205 1446 369 1526 diligenter
391 1448 571 1508 examinanti
598 1448 630 1507 in
652 1446 743 1508 Persa
772 1454 888 1508 exstare
915 1445 1011 1508 videri
1033 1455 1169 1527 possent,
1196 1448 1306 1508 iniuria
1329 1454 1388 1507 sta·

205 1553 272 1606 tuta
296 1553 325 1606 et
348 1564 380 1606 re
403 1563 473 1606 vera
496 1547 616 1606 omnino
640 1562 699 1605 non
723 1563 803 1624 csse,
833 1545 943 1605 bacin
967 1553 1051 1624 parte
1075 1547 1333 1607 commentationis
1356 1547 1387 1606 in

205 1645 306 1704 animo
329 1642 437 1722 habeo,
465 1651 498 1704 ut
520 1643 657 1703 Plautum
684 1644 782 1722 ipsum
811 1651 893 1704 tuter
916 1661 932 1703 a
955 1643 1130 1705 criminibus
1154 1663 1271 1723 eorum,
1295 1646 1346 1724 qui
1370 1661 1387 1704 e

204 1743 287 1802 vitiis
315 1743 550 1822 compositionis,
583 1760 658 1821 quae
685 1749 719 1802 ut
748 1741 844 1802 adbuc
871 1741 990 1803 silentio
1017 1744 1159 1822 praeterii
1186 1744 1228 1803 ita
1256 1759 1289 1803 re
1316 1759 1387 1802 vera

204 1846 332 1919 exstant,
354 1846 473 1918 poetam
496 1840 615 1918 saepius
638 1841 727 1900 nimis
751 1839 944 1918 neglegenter
971 1858 1002 1900 se
1027 1841 1155 1918 gessisse
1179 1847 1311 1901 censent
1348 1838 1386 1900 nt

203 1937 339 2018 prolecto
364 1939 395 1998 in
418 1937 509 1998 Persa
527 1955 587 1998 non
606 1937 766 1998 mediocria
785 1938 894 1998 menda
912 1940 1022 2016 insunt,
1046 1957 1122 2017 quae
1142 1945 1201 1999 tam
1224 1939 1386 2017 conspicua

201 2044 285 2115 sunt,
307 2044 349 2116 ut,
373 2035 409 2096 ab
432 2038 497 2116 ipso
519 2035 621 2096 Plauto
645 2037 671 2096 si
694 2038 841 2115 originem
859 2036 1021 2115 traherent,
1045 2037 1207 2115 elilcerent,
1229 2045 1265 2097 ut
1283 2034 1319 2097 de
1338 2037 1384 2096 in·

202 2136 293 2214 genio
322 2133 418 2195 Plauti
448 2133 532 2195 valde
564 2133 730 2195 dubitarem
761 2152 888 2213 eumepre
920 2135 1000 2194 inter
1029 2132 1195 2194 mediocres
1226 2133 1384 2196 admodum

201 2241 308 2313 poetas
331 2251 529 2294 numerarem.
571 2231 629 2293 Sed
651 2231 728 2292 bene
753 2233 905 2311 contingit,
929 2231 1009 2311 quod
1031 2231 1113 2293 nullo
1136 2231 1200 2292 loco
1224 2239 1284 2293 tam
1307 2232 1385 2293 male

201 2331 242 2392 dc
271 2333 381 2410 optimo
404 2330 605 2391 Romanorum
633 2331 745 2391 comico
774 2331 943 2390 existimare
968 2332 1110 2409 cogimur.
1161 2330 1279 2391 Scimus
1302 2332 1383 2391 enim

203 2431 297 2490 certis
323 2431 502 2490 testimoniis
530 2429 677 2508 imprimis
706 2447 721 2488 e
746 2427 870 2489 Casinae
897 2427 1033 2508 prologo,
1061 2447 1119 2507 quo
1142 2422 1246 2508 poetae
1271 2435 1382 2507 quanta

202 2529 298 2607 gratia
327 2527 404 2607 apud
433 2534 614 2606 spectatores
645 2526 737 2586 fuerit
764 2526 941 2606 affirmatur,
974 2526 1125 2587 Plautinas
1156 2525 1283 2605 labnlas,
1311 2545 1380 2587 cum

200 2632 291 2705 poeta
322 2627 381 2685 iam
413 2632 530 2685 mortuo
561 2622 712 2702 „studiose
745 2623 984 2704 expeterentur‘,
1017 2627 1126 2686 itemm
1155 2631 1242 2704 atque
1270 2625 1383 2685 iterum

200 2730 285 2783 aclas
308 2741 383 2784 esse.
429 2721 515 2793 Quod
538 2740 606 2782 cum
630 2723 727 2801 lieret,
751 2721 865 2783 fabulas
888 2742 948 2784 non
972 2742 1091 2802 semper
1113 2725 1167 2802 ita,
1190 2731 1225 2784 nt
1247 2741 1263 2783 e
1287 2725 1381 2783 mani·

200 2821 260 2882 bus
283 2829 386 2900 poetae
409 2827 631 2899 processerant,
659 2827 739 2880 actas
768 2838 834 2881 esse
857 2821 1105 2881 verisimillimum
1132 2828 1162 2881 et
1183 2822 1243 2880 iam
1268 2819 1379 2881 dudum

201 2938 220 2980 a
248 2921 320 2980 viris
350 2919 443 2980 doctis
472 2919 622 2996 cognitum
647 2927 705 2996 est,
734 2937 801 2979 cnm
826 2919 967 2979 nimirum
991 2917 1129 2980 dominns
1153 2920 1265 2996 gregis,
1294 2920 1380 2979 cuins

199 3019 235 3078 in
264 3017 400 3078 manibus
428 3016 543 3077 fabulae
575 3018 702 3094 scriptae
735 3022 832 3094 erant,
863 3017 977 3076 ratione
1007 3015 1108 3076 habita
1135 3017 1182 3076 sui
1211 3017 1306 3095 ipsius
1335 3018 1380 3077 in·

200 3117 283 3194 genii
311 3123 341 3176 et
368 3113 484 3175 arbitrii
510 3121 699 3193 mutataeque
724 3121 924 3192 spectatorum
946 3113 1105 3174 voluntatis
1129 3121 1159 3174 et
1183 3112 1287 3173 iudicii
1311 3132 1379 3175 con·

200 3220 316 3276 textum
343 3212 430 3274 modo
460 3220 594 3291 augeret,
621 3211 674 3272 ubi
702 3230 718 3272 e
742 3231 774 3273 re
799 3231 865 3273 esse
887 3212 1048 3291 rideretur,
1072 3212 1159 3273 modo
1182 3212 1380 3292 contraheret,

199 3310 253 3372 ubi
275 3313 460 3390 propositum
480 3309 695 3390 spectatoribus
720 3328 791 3371 suae
811 3313 916 3372 aetatis
939 3330 999 3372 non
1017 3313 1076 3371 iam
1094 3312 1213 3389 placere
1232 3320 1379 3374 censeret.

197 3408 266 3479 Qua
289 3411 402 3470 ratione
431 3417 461 3469 et
488 3408 560 3469 alias
588 3407 701 3469 fabulas
725 3416 755 3469 ct
777 3408 899 3470 Persam
927 3411 1107 3470 mutationes
1129 3427 1189 3470 non
1211 3409 1379 3471 mediocres

198 3507 329 3569 subiisse
353 3509 411 3568 viri
433 3507 512 3568 docti
535 3509 600 3567 inre
624 3509 825 3567 coniecemnt.
871 3506 909 3567 Et
931 3506 1064 3586 prolecto
1089 3509 1121 3567 in
1144 3506 1234 3568 Persa
1257 3507 1378 3587 quidem

198 3607 278 3666 actio
310 3605 397 3667 modo
428 3607 469 3666 ita
502 3605 659 3665 testinatur
688 3612 718 3664 et
747 3613 807 3665 tam
837 3604 1008 3666 incredibili
1037 3605 1190 3666 celeritate
1220 3606 1256 3666 ad
1287 3607 1376 3667 linem

198 3703 388 3783 perducitur,
416 3705 464 3763 vix
487 3712 521 3764 ut
544 3721 560 3762 a
582 3710 670 3782 poeta
694 3705 759 3782 ipso
783 3705 824 3763 ita
847 3722 913 3764 eam
936 3705 1137 3783 compositam,
1161 3706 1252 3764 immo
1274 3713 1377 3784 postca

198 3800 237 3861 ab
261 3801 317 3862 alio
341 3802 548 3862 circumcisam
578 3808 608 3860 et
638 3808 819 3861 contractam
850 3819 915 3862 esse
939 3801 1024 3862 lacile
1052 3809 1152 3880 putes,
1182 3800 1269 3862 modo
1293 3805 1377 3880 quasi

196 3904 234 3958 ut
257 3916 303 3979 ea,
328 3917 402 3978 quae
431 3905 581 3960 contracta
604 3905 701 3976 erant,
726 3908 997 3978 compensarentnr,
1021 3901 1096 3960 actio
1119 3900 1214 3959 fusius
1239 3907 1323 3960 aucta
1347 3908 1378 3961 et

196 3995 322 4079 uberius
352 3995 476 4058 deducta
505 4014 571 4057 esse
594 3995 711 4056 videtur
734 4015 822 4076 qnam
845 4005 879 4057 ut
901 3997 1037 4058 Plautum
1061 3999 1158 4076 ipsum
1181 3995 1290 4057 talibus
1314 4014 1375 4056 am·

195 4095 324 4173 bagibus
361 4096 506 4155 actionem
544 4091 706 4154 tardarisse
743 4093 905 4154 verisimile
942 4097 989 4155 sit.
1049 4094 1150 4173 ltaque
1187 4093 1375 4154 Friderico

195 4186 433 4276 Bitscheli01)
457 4192 552 4270 „hanc
575 4191 703 4277 fabulam
727 4210 786 4252 non
808 4176 910 4271 talem,
935 4191 1030 4270 qualis
1054 4200 1162 4269 exstat,
1185 4191 1333 4270 prodiisse
1357 4211 1373 4252 e

193 4289 337 4352 manibus
359 4297 477 4370 poetae,
506 4289 558 4350 sed
577 4284 715 4369 'aliquam
744 4309 811 4350 cnm
839 4291 995 4369 iniquitate
1019 4298 1186 4368 temporum
1210 4283 1273 4350 tum
1297 4290 1373 4350 banc

290 4481 315 4537 ll
333 4478 423 4534 Praei.
444 4498 470 4548 p.
490 4479 537 4536 IX.
