3275 5192
782 359 1023 423 -190-

315 546 444 604 Plautus
468 547 499 603 io
524 545 621 602 Persa
643 544 829 618 „Dabuntur
853 545 932 603 dotis
955 541 1216 620 ...acceperas.“
1261 541 1314 601 His
1333 541 1412 602 clare
1431 539 1494 601 elu-

315 650 363 702 cet
386 641 466 701 illam
491 639 629 701 subtilem
653 639 874 700 distinctionem
893 641 973 700 inter
991 638 1105 701 litteras
1123 639 1233 700 Atticas
1253 647 1282 700 et
1301 639 1415 700 Siculas
1434 658 1494 700 non

314 748 375 799 tam
398 739 521 799 Athenis
551 756 640 817 quam
669 737 779 797 Romae
809 737 916 798 factam
947 756 1027 816 csse,
1058 737 1111 798 ubi
1140 737 1257 798 Siculae
1287 756 1358 816 prae
1389 737 1495 799 Atticis
1574 765 1585 782 ·

315 838 498 916 contemptui
522 843 615 896 erant.
662 835 765 915 ltaque
783 835 851 896 illos
869 834 977 896 Persae
1001 854 1107 896 versus
1129 834 1266 896 aPlauto
1289 837 1355 915 ipso
1378 835 1495 897 additos

315 953 380 996 esse
414 954 481 995 cum
512 927 721 1017 Ladevico1)
753 951 932 1012 persuasum
970 933 1078 1013 haheo,
1110 942 1144 994 ut
1171 952 1209 994 ue
1237 952 1271 994 ex
1302 933 1350 994 his
1373 932 1495 1013 quidem

315 1035 474 1113 quicquam
498 1032 534 1094 de
559 1040 692 1111 tempore
716 1031 845 1111 exempli
870 1031 974 1092 Graeci
998 1035 1095 1092 conici
1117 1034 1221 1110 possit

397 1130 598 1211 Ι1111111111
622 1132 653 1191 in
678 1132 721 1190 cis
745 1130 866 1208 quidem
890 1133 1083 1210 argumentis,
1107 1148 1182 1209 quae
1200 1129 1434 1190 Wilamowitz
1458 1147 1495 1189 ex

316 1238 379 1290 arte
404 1231 516 1290 comica
541 1230 646 1308 petivit
672 1236 704 1289 ut
728 1227 870 1306 probaret
895 1236 982 1307 „ante
1010 1247 1115 1289 novam
1141 1227 1324 1289 comoediam
1347 1227 1495 1288 excultam

316 1336 346 1388 et
372 1327 535 1407 perfectam
558 1326 679 1387 Persam
708 1328 902 1404 compositam
926 1325 1012 1387 esse“
1035 1319 1077 1408 (p.
1101 1320 1248 1410 21sqq.),
1275 1325 1335 1386 ulla
1357 1328 1403 1386 vis
1425 1344 1495 1405 pro·

314 1424 406 1485 bandi
433 1427 519 1485 inest.
569 1424 665 1504 Atque
690 1426 817 1485 maxime
848 1423 996 1485 desiderat
1023 1427 1070 1484 vir
1097 1424 1200 1484 doctus
1228 1426 1259 1484 in
1282 1424 1372 1484 Persa
1400 1434 1495 1485 artem

316 1523 534 1601 Menandream,
558 1522 637 1601 quod
661 1541 697 1582 ex
721 1541 755 1583 ea
777 1524 966 1601 potissimum
990 1540 1023 1582 re
1047 1529 1193 1602 appareat,
1217 1521 1296 1600 quod
1319 1540 1426 1583 scenae
1449 1524 1495 1582 ni·

315 1623 373 1681 mis
397 1622 503 1681 inscite
528 1621 703 1681 coniunctae
727 1621 800 1699 sint,
827 1619 906 1699 quod
928 1622 1061 1699 „intrent
1084 1628 1114 1680 et
1137 1627 1243 1680 exeant
1265 1638 1409 1698 personae
1432 1619 1495 1699 ple-

316 1737 442 1797 rumque
467 1718 522 1779 soli
544 1726 649 1797 poetae
673 1717 796 1778 arbitrio
815 1717 1004 1779 obsecutae.“
1050 1716 1198 1788 Quaeres
1218 1720 1246 1778 ei
1263 1717 1395 1778 indicare
1413 1717 1495 1779 vide·

315 1826 365 1877 tur
387 1817 464 1877 hanc
487 1817 586 1876 minus
611 1816 774 1894 elegantem
803 1825 897 1904 artem
927 1819 1050 1896 propius
1076 1815 1179 1877 abesse
1204 1835 1219 1875 a
1242 1825 1343 1877 vetere
1367 1834 1495 1894 quama

316 1933 392 1976 nova
416 1912 576 1993 comoedia,
600 1933 668 1975 cum
692 1913 782 1994 illam,
806 1933 882 1994 quae
906 1916 1005 1975 choris
1029 1925 1112 1975 actus
1134 1915 1339 1993 distingueret,
1362 1913 1495 1993 episodia

315 2032 375 2073 non
399 2013 575 2072 conexuisse
604 2019 760 2073 constaret.
811 2012 903 2073 Multa
930 2000 1037 2092 hallec,
1066 2031 1140 2091 quae
1164 2021 1266 2073 contra
1290 2011 1411 2095 dicam„
1431 2011 1495 2072 Pri·

316 2129 398 2171 mum
422 2111 500 2171 enim
525 2112 733 2188 gravissimum
756 2110 846 2171 huius
869 2112 915 2171 rei
938 2111 1116 2190 exemplum,
1139 2109 1218 2190 quod
1240 2112 1272 2169 in
1296 2129 1331 2170 eo
1350 2112 1496 2190 consistit,

317 2207 394 2288 quod
418 2207 538 2268 llordali
562 2207 702 2269 decessus
726 2227 741 2268 a
766 2227 856 2269 scena
879 2206 949 2268 {Vl
975 2211 1095 2269 omnino
1120 2207 1282 2288 probabilis
1309 2226 1369 2268 non
1396 2207 1495 2269 reddi·

316 2315 375 2385 tur,
399 2308 570 2366 coniectura
595 2325 661 2366 mea
684 2306 812 2386 tollitur,
842 2325 899 2386 qua
921 2327 949 2386 p.
967 2304 1104 2386 172sqq.
1127 2305 1202 2366 illud
1224 2307 1329 2366 vitium
1354 2313 1495 2367 retracta·

316 2407 390 2465 tor'is
423 2405 559 2464 inscitiae
593 2403 785 2465 tribuendum
817 2423 883 2465 esse
917 2405 1058 2465 conclusi.
1112 2402 1224 2465 lleinde
1257 2403 1353 2464 adhuc
1382 2406 1497 2465 nemini

317 2503 449 2580 contigit,
473 2510 507 2562 ut
529 2521 633 2562 novam
659 2501 850 2581 comoediam,
874 2521 950 2582 quae
973 2502 1094 2582 quidem
1117 2521 1177 2563 non
1201 2501 1313 2581 choris,
1337 2501 1390 2563 sed
1413 2503 1497 2564 tibiis

318 2579 400 2662 actus
425 2599 567 2678 distinxit,
596 2619 715 2680 semper
742 2601 773 2660 in
803 2603 910 2680 quinos
939 2609 1022 2662 actus
1051 2601 1174 2661 divisam
1198 2600 1290 2660 luisse
1315 2602 1386 2661 satis
1409 2601 1496 2662 firme

317 2698 458 2778 probaret
491 2706 520 2758 et
547 2697 633 2759 lacile
667 2701 799 2759 animum
831 2697 953 2778 induco,
985 2707 1019 2760 ut
1045 2697 1153 2759 multas
1180 2700 1328 2777 inscitias,
1356 2717 1432 2778 quae
1460 2718 1496 2761 eo

318 2799 466 2875 oriuntur,
490 2794 569 2875 quod
593 2815 699 2857 scenae
723 2815 828 2876 parum
853 2796 963 2857 affabre
983 2799 1157 2858 coniunctae
1181 2804 1259 2876 sunt,
1283 2797 1319 2857 ad
1343 2815 1407 2857 eam
1431 2816 1496 2858 rem

310 2893 489 2955 referendas
520 2913 586 2954 esse
616 2902 731 2974 putem,
765 2894 845 2974 quod
875 2895 1044 2956 comoediae
1075 2895 1184 2956 talibus
1214 2897 1294 2956 vitiis
1323 2897 1495 2974 inquinatae

230 2984 233 2989 ’
320 2987 432 3076 (neque
451 2995 531 3054 enim
549 2992 641 3053 Persa
660 2993 722 3054 sola
741 2987 800 3077 est)
821 2995 853 3053 in
868 3012 920 3054 sex
938 2993 984 3054 vel
999 3002 1113 3072 septem
1132 3000 1215 3054 actus
1236 2992 1346 3054 divisae
1367 2994 1495 3054 luerunt

318 3091 394 3152 Tum
413 3097 511 3151 autem
530 3091 646 3151 mediae
665 3087 835 3152 comoediae
854 3110 893 3152 ne
911 3111 1004 3153 unum
1024 3090 1143 3170 quidem
1163 3091 1331 3170 exemplum
1345 3093 1496 3170 integrum

319 3197 445 3249 aetatem
464 3188 540 3267 tulit,
563 3197 597 3249 ut
615 3191 735 3249 omnino
754 3191 932 3268 nesciamus,
955 3197 1056 3251 utrum
1076 3208 1109 3250 re
1124 3207 1194 3249 vera
1212 3191 1243 3248 in
1262 3188 1359 3249 media
1379 3207 1495 3248 comoe-

320 3286 380 3366 dia,
413 3288 521 3366 quippe
555 3305 630 3365 quae
662 3289 758 3365 prima
791 3288 898 3348 choros
928 3290 1076 3366 omiserit,
1109 3304 1215 3347 scenae
1246 3303 1351 3364 pamm
1384 3285 1495 3347 affabre

319 3403 448 3444 conexae
472 3385 583 3445 luerint
606 3403 642 3444 an
664 3383 866 3463 diligentiores
884 3394 988 3464 poetae
1006 3387 1063 3446 hoc
1081 3387 1186 3445 vitium
1204 3385 1388 3443 evitaverint
1425 3383 1496 3444 Om-

319 3485 389 3542 nino
413 3485 444 3542 in
467 3481 571 3561 Persa,
604 3483 720 3542 etiamsi
748 3501 840 3543 novae
865 3483 1034 3543 comoediae
1059 3490 1116 3560 est,
1140 3479 1318 3540 Menandrea
1341 3479 1497 3561 elegantia,

320 3599 409 3660 quam
434 3599 458 3640 e.
479 3598 505 3659 g.
525 3579 658 3640 Terentii
681 3579 797 3640 tabulae
815 3599 888 3659 prae
910 3581 1069 3658 scierunt,
1092 3595 1279 3658 nequaquam
1298 3579 1496 3657 exspectanda

320 3686 373 3757 cst,
393 3696 461 3738 cum
475 3677 611 3738 Plautum
629 3695 793 3756 perpaucas
813 3677 981 3738 comoedias
995 3676 1149 3736 Menandri
1168 3677 1351 3755 expressisse
1371 3685 1495 3739 constet

319 3776 357 3836 Et
379 3775 615 3854 neglegentiores
645 3794 737 3836 novae
768 3774 938 3836 comoediae
961 3783 1077 3854 poetas,
1110 3793 1236 3854 quorum
1266 3773 1302 3834 ab
1330 3793 1391 3836 uuo
1414 3784 1495 3836 certe

319 3874 427 3934 Persae
451 3873 618 3952 exemplum
642 3875 838 3952 compositum
862 3879 909 3933 est
926 3867 1032 3958 (160),
1055 3891 1115 3933 non
1138 3891 1257 3952 semper
1279 3875 1370 3933 nimis
1393 3875 1495 3934 anxios

320 3972 412 4033 luisse
436 3973 467 4032 in
491 3971 681 4033 conectendis
705 3971 831 4050 singulis
855 3973 953 4032 scenis
977 3980 1007 4032 et
1029 3991 1046 4032 a
1068 3974 1163 4051 priori
1181 3979 1297 4032 constat
1320 3973 1402 4032 etin
1420 3971 1495 4031 mul·

320 4072 359 4130 tis
383 4069 448 4129 aliis
472 4068 633 4130 comoediis
655 4068 799 4130 Plautinis
824 4068 974 4131 observes.
1020 4069 1059 4130 Ut
1076 4069 1218 4131 nonnulla
1239 4070 1343 4130 saltem
1362 4068 1496 4146 exempla

321 4167 456 4245 aderam,
485 4185 591 4246 parum
622 4167 772 4246 eleganter
802 4169 978 4229 coniunctae
1009 4187 1075 4229 esse
1106 4167 1245 4229 videntur
1273 4168 1353 4228 Asin.
1377 4165 1496 4227 actusl

411 4393 437 4462 1)
456 4391 495 4447 df.
519 4393 646 4462 lepidam
669 4392 729 4447 eins
752 4392 1015 4462 interpretationem
1036 4393 1136 4448 horum
1158 4411 1288 4448 versuum
1308 4392 1338 4446 in
1357 4407 1497 4446 commen·

320 4474 436 4528 tationis
456 4490 542 4543 quam
560 4474 596 4528 de
615 4490 722 4528 canone
740 4473 866 4528 Volcatii
884 4472 1006 4544 Sedigiti
1025 4474 1139 4545 scripsit
1156 4493 1184 4543 p.
1199 4479 1282 4539 resq.
