<?xml version="1.0" encoding="UTF-8"?>
<!DOCTYPE html PUBLIC "-//W3C//DTD XHTML 1.0 Transitional//EN"
    "http://www.w3.org/TR/xhtml1/DTD/xhtml1-transitional.dtd">
<html xmlns="http://www.w3.org/1999/xhtml" xml:lang="en" lang="en">
 <head>
  <title>
</title>
<meta http-equiv="Content-Type" content="text/html;charset=utf-8" />
  <meta name='ocr-system' content='tesseract 3.04.00' />
  <meta name='ocr-capabilities' content='ocr_page ocr_carea ocr_par ocr_line ocrx_word'/>
</head>
<body>
  <div class='ocr_page' id='page_1' title='image "./deplautipersa00meyegoog_0043.png"; bbox 0 0 3275 5192; ppageno 0'>
   <div class='ocr_carea' id='block_1_1' title="bbox 656 317 897 380">
    <p class='ocr_par' dir='ltr' id='par_1_1' title="bbox 656 317 897 380">
     <span class='ocr_line' id='line_1_1' title="bbox 656 317 897 380; baseline 0 0"><span class='ocrx_word' id='word_1_1' title='bbox 656 317 897 380; x_wconf 78' lang='lat'>-183-</span> 
     </span>
    </p>
   </div>
   <div class='ocr_carea' id='block_1_2' title="bbox 179 497 1362 970">
    <p class='ocr_par' dir='ltr' id='par_1_2' title="bbox 179 497 1362 970">
     <span class='ocr_line' id='line_1_2' title="bbox 180 497 1362 579; baseline 0.003 -23"><span class='ocrx_word' id='word_1_2' title='bbox 180 499 213 557; x_wconf 90' lang='lat' dir='ltr'><strong>si</strong></span> <span class='ocrx_word' id='word_1_3' title='bbox 243 499 379 576; x_wconf 88' lang='lat' dir='ltr'><strong>cuiquam</strong></span> <span class='ocrx_word' id='word_1_4' title='bbox 412 499 467 558; x_wconf 94' lang='lat' dir='ltr'><strong>hoc</strong></span> <span class='ocrx_word' id='word_1_5' title='bbox 500 501 698 576; x_wconf 86' lang='lat' dir='ltr'><strong>contingeret:</strong></span> <span class='ocrx_word' id='word_1_6' title='bbox 738 506 801 560; x_wconf 92' lang='lat' dir='ltr'><strong>tum</strong></span> <span class='ocrx_word' id='word_1_7' title='bbox 834 500 914 559; x_wconf 90' lang='lat' dir='ltr'><strong>enim</strong></span> <span class='ocrx_word' id='word_1_8' title='bbox 929 497 1117 559; x_wconf 77' lang='lat' dir='ltr'><strong>&#39;Huellner</strong></span> <span class='ocrx_word' id='word_1_9' title='bbox 1145 519 1262 560; x_wconf 92' lang='lat' dir='ltr'><strong>omnem</strong></span> <span class='ocrx_word' id='word_1_10' title='bbox 1293 519 1362 579; x_wconf 90' lang='lat' dir='ltr'><strong>ope·</strong></span> 
     </span>
     <span class='ocr_line' id='line_1_3' title="bbox 183 596 1362 678; baseline 0.001 -22"><span class='ocrx_word' id='word_1_11' title='bbox 183 613 262 673; x_wconf 93' lang='lat' dir='ltr'><strong>ram,</strong></span> <span class='ocrx_word' id='word_1_12' title='bbox 287 614 374 674; x_wconf 88' lang='lat' dir='ltr'><strong>quam</strong></span> <span class='ocrx_word' id='word_1_13' title='bbox 397 597 429 656; x_wconf 90' lang='lat' dir='ltr'><strong>in</strong></span> <span class='ocrx_word' id='word_1_14' title='bbox 454 596 660 658; x_wconf 81' lang='lat' dir='ltr'><strong>dissertatione</strong></span> <span class='ocrx_word' id='word_1_15' title='bbox 685 616 738 658; x_wconf 91' lang='lat' dir='ltr'><strong>sua</strong></span> <span class='ocrx_word' id='word_1_16' title='bbox 762 597 932 658; x_wconf 89' lang='lat' dir='ltr'><strong>doctissima</strong></span> <span class='ocrx_word' id='word_1_17' title='bbox 957 605 986 657; x_wconf 93' lang='lat' dir='ltr'><strong>et</strong></span> <span class='ocrx_word' id='word_1_18' title='bbox 1010 596 1236 676; x_wconf 86' lang='lat' dir='ltr'><strong>diligentissima</strong></span> <span class='ocrx_word' id='word_1_19' title='bbox 1255 600 1362 678; x_wconf 83' lang='lat' dir='ltr'><strong>posuit,</strong></span> 
     </span>
     <span class='ocr_line' id='line_1_4' title="bbox 182 691 1362 774; baseline 0.003 -22"><span class='ocrx_word' id='word_1_20' title='bbox 182 691 271 771; x_wconf 92' lang='lat' dir='ltr'><strong>plane</strong></span> <span class='ocrx_word' id='word_1_21' title='bbox 293 693 482 772; x_wconf 82' lang='lat' dir='ltr'>perdidisset.</span> <span class='ocrx_word' id='word_1_22' title='bbox 528 695 565 755; x_wconf 94' lang='lat' dir='ltr'><strong>At</strong></span> <span class='ocrx_word' id='word_1_23' title='bbox 587 695 642 756; x_wconf 91' lang='lat' dir='ltr'><strong>hac</strong></span> <span class='ocrx_word' id='word_1_24' title='bbox 665 698 696 756; x_wconf 93' lang='lat' dir='ltr'><strong>in</strong></span> <span class='ocrx_word' id='word_1_25' title='bbox 721 714 753 756; x_wconf 93' lang='lat' dir='ltr'><strong>re</strong></span> <span class='ocrx_word' id='word_1_26' title='bbox 777 694 933 756; x_wconf 89' lang='lat' dir='ltr'><strong>statuenda</strong></span> <span class='ocrx_word' id='word_1_27' title='bbox 956 694 1118 757; x_wconf 89' lang='lat' dir='ltr'><strong>cavendum</strong></span> <span class='ocrx_word' id='word_1_28' title='bbox 1142 704 1196 774; x_wconf 77' lang='lat' dir='ltr'><strong>est,</strong></span> <span class='ocrx_word' id='word_1_29' title='bbox 1219 714 1257 755; x_wconf 94' lang='lat' dir='ltr'><strong>ne</strong></span> <span class='ocrx_word' id='word_1_30' title='bbox 1284 695 1362 756; x_wconf 91' lang='lat' dir='ltr'><strong>ultra</strong></span> 
     </span>
     <span class='ocr_line' id='line_1_5' title="bbox 179 790 1362 875; baseline 0.003 -25"><span class='ocrx_word' id='word_1_31' title='bbox 179 790 306 851; x_wconf 89' lang='lat' dir='ltr'><strong>modum</strong></span> <span class='ocrx_word' id='word_1_32' title='bbox 334 792 535 875; x_wconf 70' lang='lat' dir='ltr'><strong>egrediamur,</strong></span> <span class='ocrx_word' id='word_1_33' title='bbox 561 795 658 854; x_wconf 91' lang='lat' dir='ltr'><strong>immo</strong></span> <span class='ocrx_word' id='word_1_34' title='bbox 687 793 772 853; x_wconf 81' lang='lat' dir='ltr'><strong>facile</strong></span> <span class='ocrx_word' id='word_1_35' title='bbox 801 793 957 853; x_wconf 77' lang='lat' dir='ltr'><strong>credemus</strong></span> <span class='ocrx_word' id='word_1_36' title='bbox 984 801 1102 872; x_wconf 92' lang='lat' dir='ltr'><strong>poetam</strong></span> <span class='ocrx_word' id='word_1_37' title='bbox 1130 795 1275 854; x_wconf 90' lang='lat' dir='ltr'><strong>comicum</strong></span> <span class='ocrx_word' id='word_1_38' title='bbox 1308 812 1362 854; x_wconf 92' lang='lat' dir='ltr'><strong>suo</strong></span> 
     </span>
     <span class='ocr_line' id='line_1_6' title="bbox 183 887 1361 970; baseline 0.003 -22"><span class='ocrx_word' id='word_1_39' title='bbox 183 887 263 968; x_wconf 91' lang='lat' dir='ltr'><strong>loco,</strong></span> <span class='ocrx_word' id='word_1_40' title='bbox 294 889 347 950; x_wconf 93' lang='lat' dir='ltr'><strong>ubi</strong></span> <span class='ocrx_word' id='word_1_41' title='bbox 375 897 490 952; x_wconf 87' lang='lat' dir='ltr'><strong>certum</strong></span> <span class='ocrx_word' id='word_1_42' title='bbox 518 891 674 952; x_wconf 89' lang='lat' dir='ltr'><strong>consilium</strong></span> <span class='ocrx_word' id='word_1_43' title='bbox 703 891 894 970; x_wconf 82' lang='lat' dir='ltr'><strong>sequebatur,</strong></span> <span class='ocrx_word' id='word_1_44' title='bbox 927 890 1008 951; x_wconf 92' lang='lat' dir='ltr'><strong>illam</strong></span> <span class='ocrx_word' id='word_1_45' title='bbox 1036 893 1181 951; x_wconf 90' lang='lat' dir='ltr'><strong>rationem</strong></span> <span class='ocrx_word' id='word_1_46' title='bbox 1205 891 1361 970; x_wconf 82' lang='lat' dir='ltr'><strong>neglegere</strong></span> 
     </span>
    </p>
   </div>
   <div class='ocr_carea' id='block_1_3' title="bbox 181 988 1363 3818">
    <p class='ocr_par' dir='ltr' id='par_1_3' title="bbox 181 988 1363 3818">
     <span class='ocr_line' id='line_1_7' title="bbox 182 988 1363 1069; baseline 0.001 -22"><span class='ocrx_word' id='word_1_47' title='bbox 182 989 327 1066; x_wconf 86' lang='lat' dir='ltr'><strong>potuisse.</strong></span> <span class='ocrx_word' id='word_1_48' title='bbox 374 988 423 1049; x_wconf 90' lang='lat' dir='ltr'><strong>Sic</strong></span> <span class='ocrx_word' id='word_1_49' title='bbox 445 991 477 1049; x_wconf 95' lang='lat' dir='ltr'><strong>in</strong></span> <span class='ocrx_word' id='word_1_50' title='bbox 500 989 590 1050; x_wconf 91' lang='lat' dir='ltr'><strong>Persa</strong></span> <span class='ocrx_word' id='word_1_51' title='bbox 618 989 766 1069; x_wconf 85' lang='lat' dir='ltr'><strong>expeditio</strong></span> <span class='ocrx_word' id='word_1_52' title='bbox 789 989 948 1050; x_wconf 84' lang='lat' dir='ltr'><strong>Persarum</strong></span> <span class='ocrx_word' id='word_1_53' title='bbox 976 998 1078 1050; x_wconf 89' lang='lat' dir='ltr'><strong>contra</strong></span> <span class='ocrx_word' id='word_1_54' title='bbox 1101 988 1212 1050; x_wconf 85' lang='lat' dir='ltr'><strong>Arabes</strong></span> <span class='ocrx_word' id='word_1_55' title='bbox 1240 990 1363 1068; x_wconf 89' lang='lat' dir='ltr'><strong>tingitur</strong></span> 
     </span>
     <span class='ocr_line' id='line_1_8' title="bbox 181 1086 1361 1166; baseline 0.001 -21"><span class='ocrx_word' id='word_1_56' title='bbox 181 1087 302 1164; x_wconf 89' lang='lat' dir='ltr'><strong>etipse</strong></span> <span class='ocrx_word' id='word_1_57' title='bbox 326 1104 457 1165; x_wconf 83' lang='lat' dir='ltr'><strong>pernego</strong></span> <span class='ocrx_word' id='word_1_58' title='bbox 481 1089 601 1148; x_wconf 89' lang='lat' dir='ltr'><strong>omnino</strong></span> <span class='ocrx_word' id='word_1_59' title='bbox 625 1087 789 1148; x_wconf 69' lang='lat' dir='ltr'><strong>in&#39;nullam</strong></span> <span class='ocrx_word' id='word_1_60' title='bbox 812 1094 927 1166; x_wconf 92' lang='lat' dir='ltr'><strong>partem</strong></span> <span class='ocrx_word' id='word_1_61' title='bbox 950 1086 1061 1165; x_wconf 91' lang='lat' dir='ltr'><strong>valere,</strong></span> <span class='ocrx_word' id='word_1_62' title='bbox 1090 1086 1169 1165; x_wconf 93' lang='lat' dir='ltr'><strong>quod</strong></span> <span class='ocrx_word' id='word_1_63' title='bbox 1196 1086 1361 1147; x_wconf 91' lang='lat' dir='ltr'><strong>Wilamo·</strong></span> 
     </span>
     <span class='ocr_line' id='line_1_9' title="bbox 183 1183 1362 1265; baseline 0.003 -23"><span class='ocrx_word' id='word_1_64' title='bbox 183 1185 265 1243; x_wconf 85' lang='lat' dir='ltr'><strong>witz</strong></span> <span class='ocrx_word' id='word_1_65' title='bbox 294 1184 458 1264; x_wconf 79' lang='lat' dir='ltr'><strong>contendit,</strong></span> <span class='ocrx_word' id='word_1_66' title='bbox 490 1194 591 1246; x_wconf 89' lang='lat' dir='ltr'><strong>utrum</strong></span> <span class='ocrx_word' id='word_1_67' title='bbox 620 1204 695 1265; x_wconf 90' lang='lat' dir='ltr'><strong>quae</strong></span> <span class='ocrx_word' id='word_1_68' title='bbox 720 1185 755 1246; x_wconf 93' lang='lat' dir='ltr'><strong>de</strong></span> <span class='ocrx_word' id='word_1_69' title='bbox 778 1185 937 1245; x_wconf 89' lang='lat' dir='ltr'><strong>Persarum</strong></span> <span class='ocrx_word' id='word_1_70' title='bbox 960 1186 992 1244; x_wconf 94' lang='lat' dir='ltr'><strong>in</strong></span> <span class='ocrx_word' id='word_1_71' title='bbox 1014 1184 1150 1245; x_wconf 85' lang='lat' dir='ltr'><strong>Arabiam</strong></span> <span class='ocrx_word' id='word_1_72' title='bbox 1175 1183 1362 1264; x_wconf 84' lang='lat' dir='ltr'><strong>expeditione</strong></span> 
     </span>
     <span class='ocr_line' id='line_1_10' title="bbox 182 1281 1361 1363; baseline 0 -21"><span class='ocrx_word' id='word_1_73' title='bbox 182 1288 216 1342; x_wconf 90' lang='lat' dir='ltr'><strong>et</strong></span> <span class='ocrx_word' id='word_1_74' title='bbox 245 1281 280 1342; x_wconf 93' lang='lat' dir='ltr'><strong>de</strong></span> <span class='ocrx_word' id='word_1_75' title='bbox 307 1282 406 1362; x_wconf 89' lang='lat' dir='ltr'><strong>puella</strong></span> <span class='ocrx_word' id='word_1_76' title='bbox 433 1302 469 1343; x_wconf 91' lang='lat' dir='ltr'><strong>ex</strong></span> <span class='ocrx_word' id='word_1_77' title='bbox 492 1283 599 1344; x_wconf 88' lang='lat' dir='ltr'><strong>Arabia</strong></span> <span class='ocrx_word' id='word_1_78' title='bbox 627 1291 709 1363; x_wconf 90' lang='lat' dir='ltr'><strong>rapta</strong></span> <span class='ocrx_word' id='word_1_79' title='bbox 737 1283 877 1344; x_wconf 89' lang='lat' dir='ltr'><strong>dicuntur</strong></span> <span class='ocrx_word' id='word_1_80' title='bbox 904 1301 936 1344; x_wconf 93' lang='lat' dir='ltr'><strong>re</strong></span> <span class='ocrx_word' id='word_1_81' title='bbox 965 1301 1034 1343; x_wconf 92' lang='lat' dir='ltr'><strong>vera</strong></span> <span class='ocrx_word' id='word_1_82' title='bbox 1060 1283 1134 1343; x_wconf 85' lang='lat' dir='ltr'><strong>lacta</strong></span> <span class='ocrx_word' id='word_1_83' title='bbox 1158 1302 1196 1343; x_wconf 92' lang='lat' dir='ltr'><strong>au</strong></span> <span class='ocrx_word' id='word_1_84' title='bbox 1219 1302 1236 1342; x_wconf 91' lang='lat' dir='ltr'><strong>a</strong></span> <span class='ocrx_word' id='word_1_85' title='bbox 1258 1282 1361 1344; x_wconf 84' lang='lat' dir='ltr'><strong>Toxilo</strong></span> 
     </span>
     <span class='ocr_line' id='line_1_11' title="bbox 183 1379 1362 1443; baseline 0.003 -4"><span class='ocrx_word' id='word_1_86' title='bbox 183 1379 372 1442; x_wconf 81' lang='lat' dir='ltr'><strong>fraudulento</strong></span> <span class='ocrx_word' id='word_1_87' title='bbox 405 1382 528 1443; x_wconf 91' lang='lat' dir='ltr'><strong>consilio</strong></span> <span class='ocrx_word' id='word_1_88' title='bbox 561 1383 628 1443; x_wconf 86' lang='lat' dir='ltr'><strong>heta</strong></span> <span class='ocrx_word' id='word_1_89' title='bbox 661 1384 729 1443; x_wconf 86' lang='lat' dir='ltr'><strong>sint</strong></span> <span class='ocrx_word' id='word_1_90' title='bbox 775 1381 829 1442; x_wconf 83' lang='lat' dir='ltr'><strong>nst</strong></span> <span class='ocrx_word' id='word_1_91' title='bbox 856 1384 936 1442; x_wconf 91' lang='lat' dir='ltr'><strong>enim</strong></span> <span class='ocrx_word' id='word_1_92' title='bbox 963 1389 997 1442; x_wconf 95' lang='lat' dir='ltr'><strong>ut</strong></span> <span class='ocrx_word' id='word_1_93' title='bbox 1026 1383 1067 1442; x_wconf 89' lang='lat' dir='ltr'><strong>ita</strong></span> <span class='ocrx_word' id='word_1_94' title='bbox 1091 1381 1187 1442; x_wconf 78' lang='lat' dir='ltr'><strong>dIcam</strong></span> <span class='ocrx_word' id='word_1_95' title='bbox 1211 1383 1290 1442; x_wconf 83' lang='lat' dir='ltr'><strong>fictio</strong></span> <span class='ocrx_word' id='word_1_96' title='bbox 1314 1401 1362 1442; x_wconf 90' lang='lat' dir='ltr'><strong>co·</strong></span> 
     </span>
     <span class='ocr_line' id='line_1_12' title="bbox 181 1479 1362 1559; baseline 0.001 -21"><span class='ocrx_word' id='word_1_97' title='bbox 181 1480 273 1557; x_wconf 89' lang='lat' dir='ltr'><strong>mica,</strong></span> <span class='ocrx_word' id='word_1_98' title='bbox 307 1497 364 1559; x_wconf 93' lang='lat' dir='ltr'><strong>qua</strong></span> <span class='ocrx_word' id='word_1_99' title='bbox 392 1479 422 1539; x_wconf 94' lang='lat' dir='ltr'><strong>id</strong></span> <span class='ocrx_word' id='word_1_100' title='bbox 450 1499 543 1541; x_wconf 90' lang='lat' dir='ltr'><strong>unum</strong></span> <span class='ocrx_word' id='word_1_101' title='bbox 571 1483 680 1559; x_wconf 91' lang='lat' dir='ltr'><strong>agitur,</strong></span> <span class='ocrx_word' id='word_1_102' title='bbox 708 1488 742 1540; x_wconf 91' lang='lat' dir='ltr'><strong>ut</strong></span> <span class='ocrx_word' id='word_1_103' title='bbox 769 1479 937 1559; x_wconf 83' lang='lat' dir='ltr'><strong>decipiatur</strong></span> <span class='ocrx_word' id='word_1_104' title='bbox 964 1479 1072 1540; x_wconf 89' lang='lat' dir='ltr'><strong>stultus</strong></span> <span class='ocrx_word' id='word_1_105' title='bbox 1099 1479 1180 1558; x_wconf 91' lang='lat' dir='ltr'><strong>leno,</strong></span> <span class='ocrx_word' id='word_1_106' title='bbox 1213 1481 1265 1558; x_wconf 93' lang='lat' dir='ltr'><strong>qui</strong></span> <span class='ocrx_word' id='word_1_107' title='bbox 1294 1498 1362 1539; x_wconf 91' lang='lat' dir='ltr'><strong>cum</strong></span> 
     </span>
     <span class='ocr_line' id='line_1_13' title="bbox 183 1576 1362 1658; baseline 0.002 -23"><span class='ocrx_word' id='word_1_108' title='bbox 183 1577 217 1636; x_wconf 89' lang='lat' dir='ltr'><strong>in</strong></span> <span class='ocrx_word' id='word_1_109' title='bbox 250 1576 314 1636; x_wconf 88' lang='lat' dir='ltr'><strong>aliis</strong></span> <span class='ocrx_word' id='word_1_110' title='bbox 348 1577 437 1638; x_wconf 88' lang='lat' dir='ltr'><strong>rebus</strong></span> <span class='ocrx_word' id='word_1_111' title='bbox 466 1580 604 1639; x_wconf 90' lang='lat' dir='ltr'><strong>eximiam</strong></span> <span class='ocrx_word' id='word_1_112' title='bbox 636 1597 707 1658; x_wconf 91' lang='lat' dir='ltr'><strong>prae</strong></span> <span class='ocrx_word' id='word_1_113' title='bbox 736 1596 767 1640; x_wconf 94' lang='lat' dir='ltr'><strong>se</strong></span> <span class='ocrx_word' id='word_1_114' title='bbox 796 1579 855 1638; x_wconf 87' lang='lat' dir='ltr'><strong>lert</strong></span> <span class='ocrx_word' id='word_1_115' title='bbox 886 1579 1081 1657; x_wconf 89' lang='lat' dir='ltr'><strong>ignorantiam</strong></span> <span class='ocrx_word' id='word_1_116' title='bbox 1112 1584 1177 1638; x_wconf 89' lang='lat' dir='ltr'><strong>tum</strong></span> <span class='ocrx_word' id='word_1_117' title='bbox 1208 1579 1239 1638; x_wconf 91' lang='lat' dir='ltr'><strong>iu</strong></span> <span class='ocrx_word' id='word_1_118' title='bbox 1272 1577 1362 1638; x_wconf 93' lang='lat' dir='ltr'><strong>rebus</strong></span> 
     </span>
     <span class='ocr_line' id='line_1_14' title="bbox 183 1673 1362 1755; baseline 0 -20"><span class='ocrx_word' id='word_1_119' title='bbox 183 1673 313 1754; x_wconf 91' lang='lat' dir='ltr'><strong>publicis</strong></span> <span class='ocrx_word' id='word_1_120' title='bbox 346 1678 522 1754; x_wconf 90' lang='lat' dir='ltr'><strong>praesertim</strong></span> <span class='ocrx_word' id='word_1_121' title='bbox 557 1694 659 1737; x_wconf 91' lang='lat' dir='ltr'><strong>earum</strong></span> <span class='ocrx_word' id='word_1_122' title='bbox 696 1684 862 1755; x_wconf 89' lang='lat' dir='ltr'><strong>terrarum,</strong></span> <span class='ocrx_word' id='word_1_123' title='bbox 900 1695 973 1754; x_wconf 91' lang='lat' dir='ltr'><strong>quas</strong></span> <span class='ocrx_word' id='word_1_124' title='bbox 1008 1683 1131 1755; x_wconf 91' lang='lat' dir='ltr'><strong>propter</strong></span> <span class='ocrx_word' id='word_1_125' title='bbox 1167 1676 1288 1735; x_wconf 91' lang='lat' dir='ltr'><strong>nimiam</strong></span> <span class='ocrx_word' id='word_1_126' title='bbox 1326 1675 1362 1736; x_wconf 93' lang='lat' dir='ltr'><strong>ab</strong></span> 
     </span>
     <span class='ocr_line' id='line_1_15' title="bbox 182 1772 1363 1854; baseline 0.001 -22"><span class='ocrx_word' id='word_1_127' title='bbox 182 1773 308 1834; x_wconf 81' lang='lat' dir='ltr'><strong>Athenis</strong></span> <span class='ocrx_word' id='word_1_128' title='bbox 331 1773 575 1854; x_wconf 85' lang='lat' dir='ltr'><strong>longinquitatem</strong></span> <span class='ocrx_word' id='word_1_129' title='bbox 599 1776 775 1853; x_wconf 87' lang='lat' dir='ltr'><strong>cogitatione</strong></span> <span class='ocrx_word' id='word_1_130' title='bbox 799 1792 853 1835; x_wconf 91' lang='lat' dir='ltr'><strong>sua</strong></span> <span class='ocrx_word' id='word_1_131' title='bbox 880 1782 1030 1853; x_wconf 90' lang='lat' dir='ltr'><strong>tamquam</strong></span> <span class='ocrx_word' id='word_1_132' title='bbox 1058 1792 1113 1853; x_wconf 93' lang='lat' dir='ltr'><strong>per</strong></span> <span class='ocrx_word' id='word_1_133' title='bbox 1139 1773 1277 1834; x_wconf 94' lang='lat' dir='ltr'><strong>nebulam</strong></span> <span class='ocrx_word' id='word_1_134' title='bbox 1306 1772 1363 1834; x_wconf 88' lang='lat' dir='ltr'><strong>sihi</strong></span> 
     </span>
     <span class='ocr_line' id='line_1_16' title="bbox 184 1864 1362 1955; baseline 0.001 -25"><span class='ocrx_word' id='word_1_135' title='bbox 184 1870 322 1949; x_wconf 85' lang='lat' dir='ltr'><strong>fingebat.</strong></span> <span class='ocrx_word' id='word_1_136' title='bbox 353 1871 433 1934; x_wconf 81' lang='lat' dir='ltr'><strong>lam</strong></span> <span class='ocrx_word' id='word_1_137' title='bbox 461 1889 551 1951; x_wconf 90' lang='lat' dir='ltr'><strong>supra</strong></span> <span class='ocrx_word' id='word_1_138' title='bbox 578 1864 620 1954; x_wconf 85' lang='lat' dir='ltr'><strong>(p.</strong></span> <span class='ocrx_word' id='word_1_139' title='bbox 647 1866 779 1955; x_wconf 81' lang='lat' dir='ltr'><strong>155sq.)</strong></span> <span class='ocrx_word' id='word_1_140' title='bbox 809 1871 939 1932; x_wconf 80' lang='lat' dir='ltr'><strong>vidimus</strong></span> <span class='ocrx_word' id='word_1_141' title='bbox 962 1871 1078 1932; x_wconf 92' lang='lat' dir='ltr'><strong>lenonis</strong></span> <span class='ocrx_word' id='word_1_142' title='bbox 1107 1871 1261 1932; x_wconf 88' lang='lat' dir='ltr'><strong>stultitiam</strong></span> <span class='ocrx_word' id='word_1_143' title='bbox 1284 1871 1362 1932; x_wconf 89' lang='lat' dir='ltr'><strong>ultra</strong></span> 
     </span>
     <span class='ocr_line' id='line_1_17' title="bbox 185 1968 1362 2050; baseline 0.002 -22"><span class='ocrx_word' id='word_1_144' title='bbox 185 1968 306 2030; x_wconf 92' lang='lat' dir='ltr'><strong>modum</strong></span> <span class='ocrx_word' id='word_1_145' title='bbox 330 1977 445 2029; x_wconf 91' lang='lat' dir='ltr'><strong>auctam</strong></span> <span class='ocrx_word' id='word_1_146' title='bbox 469 1988 544 2050; x_wconf 92' lang='lat' dir='ltr'><strong>esse,</strong></span> <span class='ocrx_word' id='word_1_147' title='bbox 567 1977 600 2030; x_wconf 95' lang='lat' dir='ltr'><strong>ut</strong></span> <span class='ocrx_word' id='word_1_148' title='bbox 623 1970 756 2049; x_wconf 88' lang='lat' dir='ltr'><strong>prolecto</strong></span> <span class='ocrx_word' id='word_1_149' title='bbox 780 1972 806 2030; x_wconf 89' lang='lat' dir='ltr'><strong>si</strong></span> <span class='ocrx_word' id='word_1_150' title='bbox 831 1968 953 2030; x_wconf 91' lang='lat' dir='ltr'><strong>dimidio</strong></span> <span class='ocrx_word' id='word_1_151' title='bbox 972 1971 1071 2030; x_wconf 91' lang='lat' dir='ltr'><strong>minus</strong></span> <span class='ocrx_word' id='word_1_152' title='bbox 1091 1968 1199 2030; x_wconf 87' lang='lat' dir='ltr'><strong>stultus</strong></span> <span class='ocrx_word' id='word_1_153' title='bbox 1217 1969 1362 2030; x_wconf 87' lang='lat' dir='ltr'><strong>Dordalus</strong></span> 
     </span>
     <span class='ocr_line' id='line_1_18' title="bbox 183 2067 1361 2148; baseline 0.001 -21"><span class='ocrx_word' id='word_1_154' title='bbox 183 2085 202 2127; x_wconf 90' lang='lat' dir='ltr'><strong>a</strong></span> <span class='ocrx_word' id='word_1_155' title='bbox 225 2075 311 2146; x_wconf 87' lang='lat' dir='ltr'><strong>poeta</strong></span> <span class='ocrx_word' id='word_1_156' title='bbox 334 2067 421 2128; x_wconf 89' lang='lat' dir='ltr'><strong>lictus</strong></span> <span class='ocrx_word' id='word_1_157' title='bbox 445 2076 532 2148; x_wconf 85' lang='lat' dir='ltr'><strong>esset,</strong></span> <span class='ocrx_word' id='word_1_158' title='bbox 555 2075 653 2128; x_wconf 91' lang='lat' dir='ltr'><strong>tamen</strong></span> <span class='ocrx_word' id='word_1_159' title='bbox 677 2070 725 2127; x_wconf 89' lang='lat' dir='ltr'><strong>vix</strong></span> <span class='ocrx_word' id='word_1_160' title='bbox 750 2070 827 2128; x_wconf 91' lang='lat' dir='ltr'><strong>scire</strong></span> <span class='ocrx_word' id='word_1_161' title='bbox 850 2075 959 2146; x_wconf 91' lang='lat' dir='ltr'><strong>posset,</strong></span> <span class='ocrx_word' id='word_1_162' title='bbox 983 2085 1058 2146; x_wconf 91' lang='lat' dir='ltr'><strong>quae</strong></span> <span class='ocrx_word' id='word_1_163' title='bbox 1081 2067 1270 2128; x_wconf 89' lang='lat' dir='ltr'><strong>necessitudo</strong></span> <span class='ocrx_word' id='word_1_164' title='bbox 1290 2086 1315 2127; x_wconf 90' lang='lat' dir='ltr'><strong>e.</strong></span> <span class='ocrx_word' id='word_1_165' title='bbox 1334 2086 1361 2146; x_wconf 90' lang='lat' dir='ltr'><strong>g.</strong></span> 
     </span>
     <span class='ocr_line' id='line_1_19' title="bbox 185 2164 1362 2243; baseline 0.002 -19"><span class='ocrx_word' id='word_1_166' title='bbox 185 2166 265 2226; x_wconf 91' lang='lat' dir='ltr'><strong>inter</strong></span> <span class='ocrx_word' id='word_1_167' title='bbox 292 2164 493 2227; x_wconf 88' lang='lat' dir='ltr'><strong>Macedoniam</strong></span> <span class='ocrx_word' id='word_1_168' title='bbox 525 2175 555 2227; x_wconf 92' lang='lat' dir='ltr'><strong>et</strong></span> <span class='ocrx_word' id='word_1_169' title='bbox 587 2165 740 2226; x_wconf 89' lang='lat' dir='ltr'><strong>Graeciam</strong></span> <span class='ocrx_word' id='word_1_170' title='bbox 773 2173 844 2226; x_wconf 92' lang='lat' dir='ltr'><strong>tuuc</strong></span> <span class='ocrx_word' id='word_1_171' title='bbox 876 2164 1089 2243; x_wconf 74' lang='lat' dir='ltr'><strong>intercederet,</strong></span> <span class='ocrx_word' id='word_1_172' title='bbox 1120 2165 1231 2226; x_wconf 90' lang='lat' dir='ltr'><strong>nedum</strong></span> <span class='ocrx_word' id='word_1_173' title='bbox 1260 2173 1362 2226; x_wconf 90' lang='lat' dir='ltr'><strong>utrum</strong></span> 
     </span>
     <span class='ocr_line' id='line_1_20' title="bbox 184 2262 1362 2343; baseline 0.001 -20"><span class='ocrx_word' id='word_1_174' title='bbox 184 2271 257 2324; x_wconf 86' lang='lat' dir='ltr'><strong>tunc</strong></span> <span class='ocrx_word' id='word_1_175' title='bbox 288 2266 431 2343; x_wconf 91' lang='lat' dir='ltr'><strong>temporis</strong></span> <span class='ocrx_word' id='word_1_176' title='bbox 462 2263 573 2325; x_wconf 91' lang='lat' dir='ltr'><strong>bellum</strong></span> <span class='ocrx_word' id='word_1_177' title='bbox 605 2267 685 2325; x_wconf 90' lang='lat' dir='ltr'><strong>iuter</strong></span> <span class='ocrx_word' id='word_1_178' title='bbox 715 2263 822 2324; x_wconf 90' lang='lat' dir='ltr'><strong>Persas</strong></span> <span class='ocrx_word' id='word_1_179' title='bbox 854 2271 884 2324; x_wconf 93' lang='lat' dir='ltr'><strong>et</strong></span> <span class='ocrx_word' id='word_1_180' title='bbox 915 2262 1027 2323; x_wconf 89' lang='lat' dir='ltr'><strong>Arabes</strong></span> <span class='ocrx_word' id='word_1_181' title='bbox 1060 2264 1126 2323; x_wconf 81' lang='lat' dir='ltr'><strong>lieri</strong></span> <span class='ocrx_word' id='word_1_182' title='bbox 1157 2265 1257 2342; x_wconf 89' lang='lat' dir='ltr'><strong>itaque</strong></span> <span class='ocrx_word' id='word_1_183' title='bbox 1290 2265 1362 2343; x_wconf 86' lang='lat' dir='ltr'><strong>hugi</strong></span> 
     </span>
     <span class='ocr_line' id='line_1_21' title="bbox 184 2360 1362 2440; baseline 0.002 -19"><span class='ocrx_word' id='word_1_184' title='bbox 184 2370 287 2440; x_wconf 88' lang='lat' dir='ltr'><strong>posset</strong></span> <span class='ocrx_word' id='word_1_185' title='bbox 308 2381 412 2422; x_wconf 87' lang='lat' dir='ltr'><strong>necne.</strong></span> <span class='ocrx_word' id='word_1_186' title='bbox 449 2361 532 2423; x_wconf 91' lang='lat' dir='ltr'><strong>Ultro</strong></span> <span class='ocrx_word' id='word_1_187' title='bbox 557 2370 655 2423; x_wconf 91' lang='lat' dir='ltr'><strong>autem</strong></span> <span class='ocrx_word' id='word_1_188' title='bbox 680 2381 696 2422; x_wconf 95' lang='lat' dir='ltr'><strong>a</strong></span> <span class='ocrx_word' id='word_1_189' title='bbox 718 2362 800 2422; x_wconf 82' lang='lat' dir='ltr'><strong>vafro</strong></span> <span class='ocrx_word' id='word_1_190' title='bbox 824 2380 909 2422; x_wconf 91' lang='lat' dir='ltr'><strong>servo</strong></span> <span class='ocrx_word' id='word_1_191' title='bbox 933 2380 992 2422; x_wconf 92' lang='lat' dir='ltr'><strong>nou</strong></span> <span class='ocrx_word' id='word_1_192' title='bbox 1015 2369 1112 2422; x_wconf 89' lang='lat' dir='ltr'><strong>terrae</strong></span> <span class='ocrx_word' id='word_1_193' title='bbox 1131 2360 1362 2423; x_wconf 87' lang='lat' dir='ltr'><strong>Atheniensibus</strong></span> 
     </span>
     <span class='ocr_line' id='line_1_22' title="bbox 183 2458 1362 2539; baseline 0 -19"><span class='ocrx_word' id='word_1_194' title='bbox 183 2461 257 2520; x_wconf 86' lang='lat' dir='ltr'><strong>satis</strong></span> <span class='ocrx_word' id='word_1_195' title='bbox 280 2462 424 2539; x_wconf 89' lang='lat' dir='ltr'><strong>cognitae,</strong></span> <span class='ocrx_word' id='word_1_196' title='bbox 448 2460 501 2521; x_wconf 93' lang='lat' dir='ltr'><strong>sed</strong></span> <span class='ocrx_word' id='word_1_197' title='bbox 524 2468 557 2521; x_wconf 90' lang='lat' dir='ltr'><strong>ut</strong></span> <span class='ocrx_word' id='word_1_198' title='bbox 575 2460 641 2522; x_wconf 92' lang='lat' dir='ltr'><strong>leno</strong></span> <span class='ocrx_word' id='word_1_199' title='bbox 662 2479 737 2539; x_wconf 91' lang='lat' dir='ltr'><strong>quae</strong></span> <span class='ocrx_word' id='word_1_200' title='bbox 756 2459 946 2521; x_wconf 88' lang='lat' dir='ltr'><strong>necessitudo</strong></span> <span class='ocrx_word' id='word_1_201' title='bbox 965 2462 1045 2520; x_wconf 91' lang='lat' dir='ltr'><strong>iuter</strong></span> <span class='ocrx_word' id='word_1_202' title='bbox 1065 2458 1137 2520; x_wconf 91' lang='lat' dir='ltr'><strong>duas</strong></span> <span class='ocrx_word' id='word_1_203' title='bbox 1155 2467 1259 2538; x_wconf 90' lang='lat' dir='ltr'><strong>gentes</strong></span> <span class='ocrx_word' id='word_1_204' title='bbox 1277 2459 1362 2520; x_wconf 91' lang='lat' dir='ltr'><strong>belli·</strong></span> 
     </span>
     <span class='ocr_line' id='line_1_23' title="bbox 183 2557 1363 2637; baseline 0.002 -20"><span class='ocrx_word' id='word_1_205' title='bbox 183 2566 323 2637; x_wconf 86' lang='lat' dir='ltr'><strong>gerentes</strong></span> <span class='ocrx_word' id='word_1_206' title='bbox 346 2558 511 2620; x_wconf 93' lang='lat' dir='ltr'><strong>intercedat</strong></span> <span class='ocrx_word' id='word_1_207' title='bbox 533 2577 571 2619; x_wconf 92' lang='lat' dir='ltr'><strong>ne</strong></span> <span class='ocrx_word' id='word_1_208' title='bbox 595 2561 677 2637; x_wconf 89' lang='lat' dir='ltr'><strong>sciat,</strong></span> <span class='ocrx_word' id='word_1_209' title='bbox 702 2559 932 2636; x_wconf 90' lang='lat' dir='ltr'><strong>remotissimae,</strong></span> <span class='ocrx_word' id='word_1_210' title='bbox 960 2557 1062 2618; x_wconf 91' lang='lat' dir='ltr'><strong>Persia</strong></span> <span class='ocrx_word' id='word_1_211' title='bbox 1085 2566 1115 2619; x_wconf 91' lang='lat' dir='ltr'><strong>et</strong></span> <span class='ocrx_word' id='word_1_212' title='bbox 1137 2557 1255 2637; x_wconf 89' lang='lat' dir='ltr'><strong>Arabia,</strong></span> <span class='ocrx_word' id='word_1_213' title='bbox 1283 2560 1363 2620; x_wconf 90' lang='lat' dir='ltr'><strong>inter</strong></span> 
     </span>
     <span class='ocr_line' id='line_1_24' title="bbox 183 2655 1362 2736; baseline 0 -20"><span class='ocrx_word' id='word_1_214' title='bbox 183 2675 217 2716; x_wconf 90' lang='lat' dir='ltr'><strong>se</strong></span> <span class='ocrx_word' id='word_1_215' title='bbox 249 2655 361 2717; x_wconf 89' lang='lat' dir='ltr'><strong>bellum</strong></span> <span class='ocrx_word' id='word_1_216' title='bbox 393 2666 531 2736; x_wconf 89' lang='lat' dir='ltr'><strong>gerentes</strong></span> <span class='ocrx_word' id='word_1_217' title='bbox 564 2658 729 2736; x_wconf 89' lang='lat' dir='ltr'><strong>linguntur,</strong></span> <span class='ocrx_word' id='word_1_218' title='bbox 761 2664 864 2736; x_wconf 89' lang='lat' dir='ltr'><strong>utpote</strong></span> <span class='ocrx_word' id='word_1_219' title='bbox 896 2674 971 2735; x_wconf 89' lang='lat' dir='ltr'><strong>quae</strong></span> <span class='ocrx_word' id='word_1_220' title='bbox 1003 2664 1126 2735; x_wconf 88' lang='lat' dir='ltr'><strong>propter</strong></span> <span class='ocrx_word' id='word_1_221' title='bbox 1152 2675 1293 2734; x_wconf 90' lang='lat' dir='ltr'><strong>magnum</strong></span> <span class='ocrx_word' id='word_1_222' title='bbox 1325 2656 1362 2716; x_wconf 89' lang='lat' dir='ltr'><strong>ab</strong></span> 
     </span>
     <span class='ocr_line' id='line_1_25' title="bbox 185 2753 1363 2833; baseline 0.001 -19"><span class='ocrx_word' id='word_1_223' title='bbox 185 2754 308 2815; x_wconf 90' lang='lat' dir='ltr'><strong>Athenis</strong></span> <span class='ocrx_word' id='word_1_224' title='bbox 333 2755 522 2816; x_wconf 86' lang='lat' dir='ltr'><strong>intervallum</strong></span> <span class='ocrx_word' id='word_1_225' title='bbox 551 2774 588 2816; x_wconf 89' lang='lat' dir='ltr'><strong>ne</strong></span> <span class='ocrx_word' id='word_1_226' title='bbox 618 2755 830 2817; x_wconf 86' lang='lat' dir='ltr'><strong>eruditioribus</strong></span> <span class='ocrx_word' id='word_1_227' title='bbox 858 2755 979 2833; x_wconf 92' lang='lat' dir='ltr'><strong>quidem</strong></span> <span class='ocrx_word' id='word_1_228' title='bbox 1007 2753 1117 2814; x_wconf 93' lang='lat' dir='ltr'><strong>nedum</strong></span> <span class='ocrx_word' id='word_1_229' title='bbox 1145 2754 1234 2815; x_wconf 87' lang='lat' dir='ltr'><strong>stulto</strong></span> <span class='ocrx_word' id='word_1_230' title='bbox 1263 2755 1363 2820; x_wconf 82' lang='lat' dir='ltr'><strong>lenoni</strong></span> 
     </span>
     <span class='ocr_line' id='line_1_26' title="bbox 183 2851 1362 2932; baseline 0.001 -19"><span class='ocrx_word' id='word_1_231' title='bbox 183 2855 257 2913; x_wconf 90' lang='lat' dir='ltr'><strong>satis</strong></span> <span class='ocrx_word' id='word_1_232' title='bbox 281 2855 414 2932; x_wconf 90' lang='lat' dir='ltr'><strong>cognitae</strong></span> <span class='ocrx_word' id='word_1_233' title='bbox 439 2871 504 2914; x_wconf 93' lang='lat' dir='ltr'><strong>esse</strong></span> <span class='ocrx_word' id='word_1_234' title='bbox 528 2853 693 2913; x_wconf 87' lang='lat' dir='ltr'><strong>videantur.</strong></span> <span class='ocrx_word' id='word_1_235' title='bbox 730 2853 765 2912; x_wconf 93' lang='lat' dir='ltr'><strong>ln</strong></span> <span class='ocrx_word' id='word_1_236' title='bbox 784 2851 922 2913; x_wconf 90' lang='lat' dir='ltr'><strong>Arabiam</strong></span> <span class='ocrx_word' id='word_1_237' title='bbox 945 2853 1001 2912; x_wconf 92' lang='lat' dir='ltr'><strong>hoc</strong></span> <span class='ocrx_word' id='word_1_238' title='bbox 1024 2859 1105 2912; x_wconf 91' lang='lat' dir='ltr'><strong>certe</strong></span> <span class='ocrx_word' id='word_1_239' title='bbox 1128 2852 1206 2912; x_wconf 85' lang='lat' dir='ltr'><strong>valet</strong></span> <span class='ocrx_word' id='word_1_240' title='bbox 1228 2862 1258 2913; x_wconf 87' lang='lat' dir='ltr'><strong>et</strong></span> <span class='ocrx_word' id='word_1_241' title='bbox 1279 2853 1362 2914; x_wconf 92' lang='lat' dir='ltr'><strong>lubet</strong></span> 
     </span>
     <span class='ocr_line' id='line_1_27' title="bbox 183 2948 1362 3030; baseline 0.001 -19"><span class='ocrx_word' id='word_1_242' title='bbox 183 2950 329 3030; x_wconf 90' lang='lat' dir='ltr'><strong>exemplis</strong></span> <span class='ocrx_word' id='word_1_243' title='bbox 351 2951 478 3030; x_wconf 91' lang='lat' dir='ltr'><strong>probare</strong></span> <span class='ocrx_word' id='word_1_244' title='bbox 501 2950 638 3011; x_wconf 89' lang='lat' dir='ltr'><strong>omnibus</strong></span> <span class='ocrx_word' id='word_1_245' title='bbox 667 2949 886 3010; x_wconf 89' lang='lat' dir='ltr'><strong>comoediarum</strong></span> <span class='ocrx_word' id='word_1_246' title='bbox 909 2948 1112 3009; x_wconf 88' lang='lat' dir='ltr'><strong>Plautinarum</strong></span> <span class='ocrx_word' id='word_1_247' title='bbox 1139 2949 1224 3028; x_wconf 88' lang='lat' dir='ltr'><strong>locis,</strong></span> <span class='ocrx_word' id='word_1_248' title='bbox 1253 2950 1362 3030; x_wconf 91' lang='lat' dir='ltr'><strong>quibus</strong></span> 
     </span>
     <span class='ocr_line' id='line_1_28' title="bbox 184 3047 1361 3127; baseline 0.002 -19"><span class='ocrx_word' id='word_1_249' title='bbox 184 3048 292 3109; x_wconf 91' lang='lat' dir='ltr'><strong>Arabia</strong></span> <span class='ocrx_word' id='word_1_250' title='bbox 315 3057 575 3127; x_wconf 88' lang='lat' dir='ltr'><strong>commemoratur,</strong></span> <span class='ocrx_word' id='word_1_251' title='bbox 604 3047 639 3108; x_wconf 91' lang='lat' dir='ltr'><strong>de</strong></span> <span class='ocrx_word' id='word_1_252' title='bbox 667 3049 722 3108; x_wconf 93' lang='lat' dir='ltr'><strong>hac</strong></span> <span class='ocrx_word' id='word_1_253' title='bbox 745 3055 825 3108; x_wconf 87' lang='lat' dir='ltr'><strong>terra</strong></span> <span class='ocrx_word' id='word_1_254' title='bbox 848 3048 1001 3107; x_wconf 91' lang='lat' dir='ltr'><strong>hominum</strong></span> <span class='ocrx_word' id='word_1_255' title='bbox 1025 3048 1232 3125; x_wconf 89' lang='lat' dir='ltr'><strong>cogitationem</strong></span> <span class='ocrx_word' id='word_1_256' title='bbox 1251 3051 1361 3110; x_wconf 91' lang='lat' dir='ltr'><strong>mirum</strong></span> 
     </span>
     <span class='ocr_line' id='line_1_29' title="bbox 183 3143 1361 3226; baseline 0.001 -19"><span class='ocrx_word' id='word_1_257' title='bbox 183 3149 218 3208; x_wconf 86' lang='lat' dir='ltr'><strong>in</strong></span> <span class='ocrx_word' id='word_1_258' title='bbox 244 3147 365 3209; x_wconf 93' lang='lat' dir='ltr'><strong>modum</strong></span> <span class='ocrx_word' id='word_1_259' title='bbox 391 3146 595 3226; x_wconf 90' lang='lat' dir='ltr'><strong>perturbatam</strong></span> <span class='ocrx_word' id='word_1_260' title='bbox 622 3155 652 3208; x_wconf 91' lang='lat' dir='ltr'><strong>et</strong></span> <span class='ocrx_word' id='word_1_261' title='bbox 680 3146 834 3206; x_wconf 83' lang='lat' dir='ltr'><strong>contusam</strong></span> <span class='ocrx_word' id='word_1_262' title='bbox 862 3163 936 3207; x_wconf 89' lang='lat' dir='ltr'><strong>esse.</strong></span> <span class='ocrx_word' id='word_1_263' title='bbox 986 3143 1240 3207; x_wconf 85' lang='lat' dir='ltr'><strong>Commemoratur</strong></span> <span class='ocrx_word' id='word_1_264' title='bbox 1263 3154 1361 3208; x_wconf 88' lang='lat' dir='ltr'><strong>autem</strong></span> 
     </span>
     <span class='ocr_line' id='line_1_30' title="bbox 183 3243 1361 3325; baseline 0 -19"><span class='ocrx_word' id='word_1_265' title='bbox 183 3245 305 3325; x_wconf 87' lang='lat' dir='ltr'><strong>Arabia,</strong></span> <span class='ocrx_word' id='word_1_266' title='bbox 338 3265 406 3306; x_wconf 94' lang='lat' dir='ltr'><strong>cum</strong></span> <span class='ocrx_word' id='word_1_267' title='bbox 434 3245 608 3306; x_wconf 88' lang='lat' dir='ltr'><strong>discesseris</strong></span> <span class='ocrx_word' id='word_1_268' title='bbox 636 3264 652 3305; x_wconf 94' lang='lat' dir='ltr'><strong>a</strong></span> <span class='ocrx_word' id='word_1_269' title='bbox 679 3244 783 3324; x_wconf 90' lang='lat' dir='ltr'><strong>Persa,</strong></span> <span class='ocrx_word' id='word_1_270' title='bbox 814 3243 909 3304; x_wconf 89' lang='lat' dir='ltr'><strong>tribus</strong></span> <span class='ocrx_word' id='word_1_271' title='bbox 937 3245 969 3304; x_wconf 92' lang='lat' dir='ltr'><strong>ni</strong></span> <span class='ocrx_word' id='word_1_272' title='bbox 992 3243 1077 3304; x_wconf 84' lang='lat' dir='ltr'><strong>fallor</strong></span> <span class='ocrx_word' id='word_1_273' title='bbox 1099 3243 1172 3304; x_wconf 93' lang='lat' dir='ltr'><strong>locis</strong></span> <span class='ocrx_word' id='word_1_274' title='bbox 1195 3243 1361 3306; x_wconf 84' lang='lat' dir='ltr'><strong>fabularum</strong></span> 
     </span>
     <span class='ocr_line' id='line_1_31' title="bbox 185 3338 1361 3423; baseline 0 -19"><span class='ocrx_word' id='word_1_275' title='bbox 185 3343 396 3405; x_wconf 88' lang='lat' dir='ltr'><strong>Plautinarum.</strong></span> <span class='ocrx_word' id='word_1_276' title='bbox 441 3345 536 3423; x_wconf 89' lang='lat' dir='ltr'><strong>Atque</strong></span> <span class='ocrx_word' id='word_1_277' title='bbox 559 3345 689 3423; x_wconf 90' lang='lat' dir='ltr'><strong>primum</strong></span> <span class='ocrx_word' id='word_1_278' title='bbox 713 3342 833 3422; x_wconf 91' lang='lat' dir='ltr'><strong>quidem</strong></span> <span class='ocrx_word' id='word_1_279' title='bbox 856 3343 888 3402; x_wconf 93' lang='lat' dir='ltr'><strong>in</strong></span> <span class='ocrx_word' id='word_1_280' title='bbox 907 3340 993 3402; x_wconf 83' lang='lat' dir='ltr'><strong>Curc.</strong></span> <span class='ocrx_word' id='word_1_281' title='bbox 1014 3361 1040 3401; x_wconf 81' lang='lat' dir='ltr'><strong>v.</strong></span> <span class='ocrx_word' id='word_1_282' title='bbox 1059 3338 1135 3420; x_wconf 83' lang='lat'><strong>443,</strong></span> <span class='ocrx_word' id='word_1_283' title='bbox 1158 3361 1216 3421; x_wconf 92' lang='lat' dir='ltr'><strong>quo</strong></span> <span class='ocrx_word' id='word_1_284' title='bbox 1240 3343 1361 3422; x_wconf 90' lang='lat' dir='ltr'><strong>quidem</strong></span> 
     </span>
     <span class='ocr_line' id='line_1_32' title="bbox 184 3439 1361 3520; baseline -0.001 -18"><span class='ocrx_word' id='word_1_285' title='bbox 184 3442 264 3502; x_wconf 89' lang='lat' dir='ltr'><strong>haud</strong></span> <span class='ocrx_word' id='word_1_286' title='bbox 288 3441 413 3503; x_wconf 90' lang='lat' dir='ltr'><strong>multum</strong></span> <span class='ocrx_word' id='word_1_287' title='bbox 431 3441 587 3520; x_wconf 92' lang='lat' dir='ltr'><strong>probatur:</strong></span> <span class='ocrx_word' id='word_1_288' title='bbox 612 3460 790 3520; x_wconf 90' lang='lat' dir='ltr'><strong>quamquam</strong></span> <span class='ocrx_word' id='word_1_289' title='bbox 810 3459 877 3501; x_wconf 91' lang='lat' dir='ltr'><strong>cum</strong></span> <span class='ocrx_word' id='word_1_290' title='bbox 896 3439 999 3500; x_wconf 89' lang='lat' dir='ltr'><strong>militis</strong></span> <span class='ocrx_word' id='word_1_291' title='bbox 1018 3440 1136 3500; x_wconf 81' lang='lat' dir='ltr'><strong>fortiter</strong></span> <span class='ocrx_word' id='word_1_292' title='bbox 1154 3441 1230 3501; x_wconf 86' lang='lat' dir='ltr'><strong>lacta</strong></span> <span class='ocrx_word' id='word_1_293' title='bbox 1248 3449 1361 3502; x_wconf 91' lang='lat' dir='ltr'><strong>terrae·</strong></span> 
     </span>
     <span class='ocr_line' id='line_1_33' title="bbox 183 3537 1360 3618; baseline -0.001 -18"><span class='ocrx_word' id='word_1_294' title='bbox 183 3559 243 3618; x_wconf 92' lang='lat' dir='ltr'><strong>que</strong></span> <span class='ocrx_word' id='word_1_295' title='bbox 278 3539 314 3600; x_wconf 93' lang='lat' dir='ltr'><strong>ab</strong></span> <span class='ocrx_word' id='word_1_296' title='bbox 352 3559 386 3601; x_wconf 92' lang='lat' dir='ltr'><strong>eo</strong></span> <span class='ocrx_word' id='word_1_297' title='bbox 418 3540 556 3601; x_wconf 89' lang='lat' dir='ltr'><strong>subactae</strong></span> <span class='ocrx_word' id='word_1_298' title='bbox 594 3538 751 3600; x_wconf 90' lang='lat' dir='ltr'><strong>credibiles</strong></span> <span class='ocrx_word' id='word_1_299' title='bbox 788 3546 818 3599; x_wconf 94' lang='lat' dir='ltr'><strong>et</strong></span> <span class='ocrx_word' id='word_1_300' title='bbox 850 3537 1043 3599; x_wconf 90' lang='lat' dir='ltr'><strong>incredibiles</strong></span> <span class='ocrx_word' id='word_1_301' title='bbox 1074 3547 1287 3600; x_wconf 88' lang='lat' dir='ltr'><strong>enumerantur</strong></span> <span class='ocrx_word' id='word_1_302' title='bbox 1323 3558 1360 3600; x_wconf 92' lang='lat' dir='ltr'><strong>ne</strong></span> 
     </span>
     <span class='ocr_line' id='line_1_34' title="bbox 184 3632 1363 3722; baseline 0.002 -26"><span class='ocrx_word' id='word_1_303' title='bbox 184 3636 291 3697; x_wconf 91' lang='lat' dir='ltr'><strong>Arabia</strong></span> <span class='ocrx_word' id='word_1_304' title='bbox 315 3636 435 3715; x_wconf 92' lang='lat' dir='ltr'><strong>quidem</strong></span> <span class='ocrx_word' id='word_1_305' title='bbox 459 3632 682 3722; x_wconf 81' lang='lat' dir='ltr'><strong>desideratur.¹)</strong></span> <span class='ocrx_word' id='word_1_306' title='bbox 729 3637 870 3697; x_wconf 88' lang='lat' dir='ltr'><strong>Maiorem</strong></span> <span class='ocrx_word' id='word_1_307' title='bbox 894 3636 999 3697; x_wconf 92' lang='lat' dir='ltr'><strong>deinde</strong></span> <span class='ocrx_word' id='word_1_308' title='bbox 1022 3638 1082 3696; x_wconf 92' lang='lat' dir='ltr'><strong>vim</strong></span> <span class='ocrx_word' id='word_1_309' title='bbox 1109 3636 1254 3716; x_wconf 93' lang='lat' dir='ltr'><strong>probandi</strong></span> <span class='ocrx_word' id='word_1_310' title='bbox 1277 3656 1363 3716; x_wconf 90' lang='lat' dir='ltr'><strong>prae·</strong></span> 
     </span>
     <span class='ocr_line' id='line_1_35' title="bbox 183 3728 1362 3818; baseline 0.002 -24"><span class='ocrx_word' id='word_1_311' title='bbox 183 3735 257 3794; x_wconf 89' lang='lat' dir='ltr'><strong>bent</strong></span> <span class='ocrx_word' id='word_1_312' title='bbox 285 3733 342 3793; x_wconf 91' lang='lat' dir='ltr'><strong>duo</strong></span> <span class='ocrx_word' id='word_1_313' title='bbox 365 3734 532 3795; x_wconf 85' lang='lat' dir='ltr'><strong>Trinummi</strong></span> <span class='ocrx_word' id='word_1_314' title='bbox 557 3735 628 3814; x_wconf 93' lang='lat' dir='ltr'><strong>loci,</strong></span> <span class='ocrx_word' id='word_1_315' title='bbox 657 3753 783 3815; x_wconf 92' lang='lat' dir='ltr'><strong>quorum</strong></span> <span class='ocrx_word' id='word_1_316' title='bbox 806 3736 890 3814; x_wconf 92' lang='lat' dir='ltr'><strong>prior</strong></span> <span class='ocrx_word' id='word_1_317' title='bbox 913 3728 953 3818; x_wconf 76' lang='lat' dir='ltr'><strong>(v.</strong></span> <span class='ocrx_word' id='word_1_318' title='bbox 974 3730 1048 3794; x_wconf 81' lang='lat'><strong>845.</strong></span> <span class='ocrx_word' id='word_1_319' title='bbox 1068 3728 1148 3817; x_wconf 78' lang='lat'>846)</span> <span class='ocrx_word' id='word_1_320' title='bbox 1172 3737 1216 3796; x_wconf 93' lang='lat' dir='ltr'><strong>sic</strong></span> <span class='ocrx_word' id='word_1_321' title='bbox 1239 3734 1362 3814; x_wconf 86' lang='lat' dir='ltr'><strong>legitur:</strong></span> 
     </span>
    </p>
   </div>
   <div class='ocr_carea' id='block_1_4' title="bbox 230 3893 1297 4070">
    <p class='ocr_par' dir='ltr' id='par_1_4' title="bbox 230 3893 1297 4070">
     <span class='ocr_line' id='line_1_36' title="bbox 230 3893 1189 3972; baseline 0.002 -18"><span class='ocrx_word' id='word_1_322' title='bbox 230 3893 367 3954; x_wconf 77' lang='lat' dir='ltr'><strong>Adoeoto</strong></span> <span class='ocrx_word' id='word_1_323' title='bbox 391 3911 431 3954; x_wconf 75' lang='lat' dir='ltr'><strong>ex</strong></span> <span class='ocrx_word' id='word_1_324' title='bbox 455 3895 604 3970; x_wconf 76' lang='lat' dir='ltr'><strong>Seleucia,</strong></span> <span class='ocrx_word' id='word_1_325' title='bbox 628 3897 823 3970; x_wconf 75' lang='lat' dir='ltr'><strong>Macedonia,</strong></span> <span class='ocrx_word' id='word_1_326' title='bbox 846 3898 923 3956; x_wconf 79' lang='lat' dir='ltr'><strong>Asia</strong></span> <span class='ocrx_word' id='word_1_327' title='bbox 946 3903 1038 3971; x_wconf 83' lang='lat' dir='ltr'><strong>utque</strong></span> <span class='ocrx_word' id='word_1_328' title='bbox 1061 3895 1189 3972; x_wconf 76' lang='lat' dir='ltr'><strong>Arabia,</strong></span> 
     </span>
     <span class='ocr_line' id='line_1_37' title="bbox 234 3993 1297 4070; baseline 0.003 -18"><span class='ocrx_word' id='word_1_329' title='bbox 234 3993 317 4064; x_wconf 79' lang='lat' dir='ltr'><strong>Quos</strong></span> <span class='ocrx_word' id='word_1_330' title='bbox 339 4008 395 4067; x_wconf 73' lang='lat' dir='ltr'><strong>epo</strong></span> <span class='ocrx_word' id='word_1_331' title='bbox 418 4010 516 4068; x_wconf 78' lang='lat' dir='ltr'><strong>oeque</strong></span> <span class='ocrx_word' id='word_1_332' title='bbox 539 3996 636 4054; x_wconf 80' lang='lat' dir='ltr'><strong>oculte</strong></span> <span class='ocrx_word' id='word_1_333' title='bbox 659 4013 716 4054; x_wconf 85' lang='lat' dir='ltr'><strong>neo</strong></span> <span class='ocrx_word' id='word_1_334' title='bbox 733 3997 865 4070; x_wconf 75' lang='lat' dir='ltr'><strong>pedibus</strong></span> <span class='ocrx_word' id='word_1_335' title='bbox 888 4012 1022 4069; x_wconf 78' lang='lat' dir='ltr'><strong>unquam</strong></span> <span class='ocrx_word' id='word_1_336' title='bbox 1045 3998 1193 4070; x_wconf 74' lang='grc' dir='ltr'><strong>000οφ0οῑ</strong></span> <span class='ocrx_word' id='word_1_337' title='bbox 1215 3999 1297 4069; x_wconf 77' lang='lat' dir='ltr'><strong>mets,</strong></span> 
     </span>
    </p>
   </div>
   <div class='ocr_carea' id='block_1_5' title="bbox 184 4189 1360 4501">
    <p class='ocr_par' dir='ltr' id='par_1_5' title="bbox 184 4189 1360 4501">
     <span class='ocr_line' id='line_1_38' title="bbox 277 4189 1360 4261; baseline -0.001 -16"><span class='ocrx_word' id='word_1_338' title='bbox 277 4193 302 4260; x_wconf 91' lang='lat'><strong>1)</strong></span> <span class='ocrx_word' id='word_1_339' title='bbox 321 4190 360 4245; x_wconf 85' lang='lat' dir='ltr'><strong>Ut</strong></span> <span class='ocrx_word' id='word_1_340' title='bbox 384 4189 438 4243; x_wconf 91' lang='lat' dir='ltr'><strong>hoc</strong></span> <span class='ocrx_word' id='word_1_341' title='bbox 460 4189 521 4244; x_wconf 92' lang='grc'><strong>1000</strong></span> <span class='ocrx_word' id='word_1_342' title='bbox 544 4191 652 4246; x_wconf 79' lang='lat' dir='ltr'><strong>Arabes</strong></span> <span class='ocrx_word' id='word_1_343' title='bbox 671 4190 833 4245; x_wconf 84' lang='lat' dir='ltr'><strong>Nabataeos</strong></span> <span class='ocrx_word' id='word_1_344' title='bbox 852 4207 912 4245; x_wconf 88' lang='lat' dir='ltr'><strong>esse</strong></span> <span class='ocrx_word' id='word_1_345' title='bbox 931 4191 1137 4261; x_wconf 85' lang='lat' dir='ltr'><strong>intellegendos</strong></span> <span class='ocrx_word' id='word_1_346' title='bbox 1155 4194 1262 4260; x_wconf 82' lang='lat' dir='ltr'><strong>putem,</strong></span> <span class='ocrx_word' id='word_1_347' title='bbox 1284 4192 1360 4260; x_wconf 92' lang='lat' dir='ltr'><strong>quod</strong></span> 
     </span>
     <span class='ocr_line' id='line_1_39' title="bbox 184 4270 1360 4341; baseline 0.001 -17"><span class='ocrx_word' id='word_1_348' title='bbox 184 4270 375 4327; x_wconf 81' lang='lat' dir='ltr'><strong>Hueffuero</strong></span> <span class='ocrx_word' id='word_1_349' title='bbox 389 4270 497 4339; x_wconf 76' lang='lat' dir='ltr'><strong>placuit</strong></span> <span class='ocrx_word' id='word_1_350' title='bbox 511 4273 547 4341; x_wconf 89' lang='lat' dir='ltr'><strong>(p.</strong></span> <span class='ocrx_word' id='word_1_351' title='bbox 564 4273 617 4338; x_wconf 80' lang='lat'><strong>21),</strong></span> <span class='ocrx_word' id='word_1_352' title='bbox 637 4272 761 4324; x_wconf 88' lang='lat' dir='ltr'><strong>animum</strong></span> <span class='ocrx_word' id='word_1_353' title='bbox 776 4271 909 4326; x_wconf 88' lang='lat' dir='ltr'><strong>inducere</strong></span> <span class='ocrx_word' id='word_1_354' title='bbox 923 4289 979 4326; x_wconf 89' lang='lat' dir='ltr'><strong>non</strong></span> <span class='ocrx_word' id='word_1_355' title='bbox 993 4290 1115 4341; x_wconf 88' lang='lat' dir='ltr'><strong>possum.</strong></span> <span class='ocrx_word' id='word_1_356' title='bbox 1145 4273 1223 4326; x_wconf 91' lang='lat' dir='ltr'><strong>Adeo</strong></span> <span class='ocrx_word' id='word_1_357' title='bbox 1237 4271 1360 4326; x_wconf 88' lang='lat' dir='ltr'><strong>insolen-</strong></span> 
     </span>
     <span class='ocr_line' id='line_1_40' title="bbox 184 4350 1360 4422; baseline 0.001 -18"><span class='ocrx_word' id='word_1_358' title='bbox 184 4353 231 4404; x_wconf 83' lang='lat' dir='ltr'><strong>ter</strong></span> <span class='ocrx_word' id='word_1_359' title='bbox 249 4353 323 4407; x_wconf 88' lang='lat' dir='ltr'><strong>enim</strong></span> <span class='ocrx_word' id='word_1_360' title='bbox 343 4351 470 4407; x_wconf 82' lang='lat' dir='ltr'><strong>Curculio</strong></span> <span class='ocrx_word' id='word_1_361' title='bbox 489 4351 530 4405; x_wconf 88' lang='lat' dir='ltr'><strong>eri</strong></span> <span class='ocrx_word' id='word_1_362' title='bbox 548 4351 591 4405; x_wconf 85' lang='lat' dir='ltr'><strong>sui</strong></span> <span class='ocrx_word' id='word_1_363' title='bbox 609 4350 686 4406; x_wconf 82' lang='lat' dir='ltr'><strong>facta</strong></span> <span class='ocrx_word' id='word_1_364' title='bbox 705 4351 806 4418; x_wconf 82' lang='lat' dir='ltr'><strong>iactat,</strong></span> <span class='ocrx_word' id='word_1_365' title='bbox 825 4354 858 4404; x_wconf 88' lang='lat' dir='ltr'><strong>ut</strong></span> <span class='ocrx_word' id='word_1_366' title='bbox 877 4352 1001 4420; x_wconf 82' lang='lat' dir='ltr'><strong>exceptis</strong></span> <span class='ocrx_word' id='word_1_367' title='bbox 1020 4351 1140 4406; x_wconf 82' lang='lat' dir='ltr'><strong>fortasse</strong></span> <span class='ocrx_word' id='word_1_368' title='bbox 1159 4351 1199 4405; x_wconf 91' lang='lat' dir='ltr'><strong>eis</strong></span> <span class='ocrx_word' id='word_1_369' title='bbox 1217 4351 1360 4422; x_wconf 81' lang='lat' dir='ltr'><strong>gentibus,</strong></span> 
     </span>
     <span class='ocr_line' id='line_1_41' title="bbox 184 4431 1360 4501; baseline 0 -17"><span class='ocrx_word' id='word_1_370' title='bbox 184 4447 260 4499; x_wconf 84' lang='lat' dir='ltr'><strong>quae</strong></span> <span class='ocrx_word' id='word_1_371' title='bbox 282 4431 389 4500; x_wconf 85' lang='lat' dir='ltr'><strong>priores</strong></span> <span class='ocrx_word' id='word_1_372' title='bbox 411 4431 605 4499; x_wconf 78' lang='lat' dir='ltr'><strong>nominantur,</strong></span> <span class='ocrx_word' id='word_1_373' title='bbox 629 4431 663 4486; x_wconf 91' lang='lat' dir='ltr'><strong>de</strong></span> <span class='ocrx_word' id='word_1_374' title='bbox 686 4447 750 4485; x_wconf 90' lang='lat' dir='ltr'><strong>vere</strong></span> <span class='ocrx_word' id='word_1_375' title='bbox 772 4431 857 4484; x_wconf 80' lang='lat' dir='ltr'><strong>fact-is</strong></span> <span class='ocrx_word' id='word_1_376' title='bbox 876 4433 922 4485; x_wconf 80' lang='lat' dir='ltr'><strong>vix</strong></span> <span class='ocrx_word' id='word_1_377' title='bbox 941 4431 1123 4501; x_wconf 77' lang='lat' dir='ltr'><strong>cogitandum</strong></span> <span class='ocrx_word' id='word_1_378' title='bbox 1142 4448 1202 4485; x_wconf 88' lang='lat' dir='ltr'><strong>esse</strong></span> <span class='ocrx_word' id='word_1_379' title='bbox 1221 4447 1360 4486; x_wconf 86' lang='lat' dir='ltr'><strong>censeam.</strong></span> 
     </span>
    </p>
   </div>
   <div class='ocr_carea' id='block_1_6' title="bbox 0 0 1644 5188">
    <p class='ocr_par' dir='ltr' id='par_1_6' title="bbox 0 0 1644 5188">
     <span class='ocr_line' id='line_1_42' title="bbox 0 0 1644 5188; baseline 0 0"><span class='ocrx_word' id='word_1_380' title='bbox 0 0 1644 5188; x_wconf 95' lang='lat' dir='ltr'><strong> </strong></span> 
     </span>
    </p>
   </div>
  </div>
 </body>
</html>
