3275 5192
496 409 497 412 ’
585 401 828 466 -191-

37 657 38 672 ¹
117 601 222 644 scenae
248 580 264 643 1
296 592 326 644 et
352 579 388 662 2,
415 583 496 644 Asin.
515 583 555 643 lll
580 580 608 642 1.
627 579 663 664 2,
691 583 782 644 Stich.
801 583 826 641 V
844 581 874 643 2.
894 580 923 643 3.
942 580 977 662 4,
1005 583 1094 645 llere.
1113 584 1126 644 l
1147 581 1174 644 1.
1194 581 1228 663 2,
1256 584 1294 644 lv

37 675 38 684 ἶ
119 678 147 740 1.
166 677 195 760 2,
218 681 300 742 aliae.

204 778 317 840 Deinde
335 779 569 840 Wilamowitz
588 781 620 840 in
638 779 729 840 Persa
748 778 898 840 desiderat
915 779 1110 859 Euripideum
1128 781 1294 860 prologum,

115 897 204 956 quem
227 895 302 938 nova
325 876 475 957 comoedia
500 877 669 939 excoluerit
716 877 792 937 Tum
815 885 915 938 autem
938 880 1002 957 pari
1021 879 1087 939 inre
1105 879 1185 939 Asin.
1205 877 1292 940 Curo.

44 1001 46 1008 >
114 975 199 1037 Most
223 976 314 1037 Stich.
339 975 421 1037 Trin.
444 970 536 1060 Vidl)
559 965 675 1060 (Ep.)²)
699 976 814 1037 mediae
839 975 1010 1036 comoediae
1033 966 1112 1056 sunt,
1134 985 1236 1056 utpote
1260 979 1293 1037 in

117 1074 223 1153 quihus
252 1073 447 1154 Euripideum
474 1074 643 1154 prologum,
671 1075 722 1153 qui
749 1076 780 1135 in
809 1073 974 1135 enarrando
1001 1083 1176 1154 argumento
1198 1077 1292 1154 potis·

118 1175 224 1233 simum
247 1175 362 1252 positus
386 1182 439 1251 est,
463 1173 573 1234 frustra
597 1174 819 1252 quaesitaveris.

205 1270 339 1350 Denique
366 1273 460 1332 miror
484 1270 797 1332 Wilamowitzium
825 1272 929 1331 mirari
956 1274 1098 1351 tragicam
1122 1279 1152 1332 et
1174 1270 1292 1351 Euripi·

118 1367 201 1429 deam
225 1368 383 1430 dictionem
398 1371 439 1429 ·in
462 1371 542 1429 omni
565 1370 690 1447 virginis
709 1387 856 1448 sermone,
881 1370 949 1448 quia
967 1371 1062 1430 veteri
1080 1370 1179 1449 potius
1203 1388 1292 1448 quam

116 1485 207 1527 novae
235 1466 405 1528 comoediae
433 1469 587 1546 proprium
615 1469 654 1527 sit
681 1467 806 1528 feminas
832 1467 889 1546 „ad
915 1469 1057 1546 tragicam
1080 1467 1292 1528 sublimitatem

117 1563 272 1626 evehere“:
301 1568 352 1644 qui
379 1557 466 1627 modo
495 1573 606 1626 tantam
633 1567 692 1625 vim
717 1568 977 1626 etauctoritatem
1000 1564 1154 1645 Euripidei
1177 1565 1292 1644 prologi

115 1664 147 1722 in
170 1681 244 1724 nova
267 1662 419 1724 comoedia
443 1665 573 1742 agnovit,
600 1670 634 1725 ut
656 1681 731 1742 quae
755 1662 872 1724 fabulae
895 1681 931 1724 eo
953 1670 1092 1724 carerent
1114 1681 1151 1722 an
1175 1662 1292 1724 mediae

116 1761 284 1822 comoediae
309 1769 409 1822 essent
428 1760 589 1848 dubitaget,
615 1761 694 1821 idem
718 1763 844 1822 miratur
862 1760 1053 1841 Euripideum
1078 1761 1237 1822 dictionem
1260 1763 1292 1821 in

39 1939 42 1948 ‚
116 1877 252 1920 sermone
276 1861 407 1938 virginis

205 1957 224 2035 ξ
250 1955 319 2018 10.’
347 1957 458 2030 Quodsi
481 1958 551 2019 licet
574 1959 604 2018 in
624 1958 682 2018 fine
702 1950 965 2036 comprehendere,
990 1975 1065 2036 quae
1084 1957 1139 2016 hac
1158 1959 1189 2017 in
1207 1964 1292 2036 parte

117 2054 252 2140 disserui,
274 2057 361 2140 haec
385 2074 517 2117 summa
538 2055 798 2135 disputationis
818 2062 885 2116 est:
904 2055 1073 2133 negandum
1093 2064 1136 2115 est
1156 2054 1292 2115 inPersa

34 2217 35 2222 γ
116 2155 188 2214 satis
215 2155 300 2215 firma
328 2153 437 2214 indicia
467 2155 609 2233 temporis
636 2155 750 2231 inesse,
779 2171 795 2213 e
824 2152 932 2231 quibus
961 2160 1041 2213 certa
1065 2153 1123 2213 fide
1147 2160 1178 2213 et
1200 2153 1292 2213 conti·

34 2225 35 2300 l
117 2248 222 2313 deuter
248 2251 385 2313 concludi
412 2253 507 2331 possit
534 2251 663 2312 lahulam
691 2251 806 2311 mediae
834 2259 885 2311 aut
905 2268 998 2311 novae
1022 2251 1192 2312 comoediae
1216 2269 1291 2312 esse.

34 2359 35 2402 ξ
116 2346 190 2410 Cum
214 2358 312 2411 autem
341 2369 375 2411 ea
403 2368 478 2429 quae
506 2352 608 2410 insunt
636 2351 757 2410 minime
781 2349 966 2428 prohibeant,
990 2351 1148 2428 quominus
1170 2348 1292 2409 Persam

115 2464 208 2509 novae
232 2448 400 2510 comoediae
426 2467 490 2510 esse
513 2446 683 2528 credamus,
701 2449 791 2508 immo
810 2453 1018 2526 argumentum
1036 2449 1211 2526 primarium
1234 2446 1291 2507 hoc

116 2544 246 2626 suadeat,
270 2565 338 2607 cum
361 2554 515 2627 praeterea
534 2545 671 2607 Plautum
695 2547 726 2606 in
745 2544 948 2625 exprimendis
968 2546 1076 2606 ceteris
1095 2544 1202 2620 fabulis
1220 2563 1291 2624 poe·

115 2651 161 2704 tas
184 2663 276 2705 novae
305 2644 397 2705 solius
426 2644 594 2707 comoediae
623 2651 758 2705 secutum
787 2662 854 2703 esse
883 2651 1010 2704 constet:
1038 2661 1098 2704 non
1125 2642 1210 2703 video
1238 2661 1292 2703 cur

113 2741 250 2823 Persam,
273 2751 376 2822 utpote
400 2762 475 2823 quae
499 2761 641 2822 personas
663 2760 756 2802 novae
779 2741 959 2820 comoediae,
981 2749 1016 2801 ut
1037 2741 1183 2820 lenonem,
1206 2759 1292 2820 para·

114 2842 220 2920 situm,
249 2841 363 2901 valrum
393 2860 512 2903 servum
536 2860 624 2921 quam
648 2842 775 2901 maxime
800 2839 975 2918 excoluerit,
1006 2841 1189 2918 excipiamus
1212 2857 1292 2899 eam-

113 2957 173 3017 que
197 2938 289 3000 solam
313 2938 428 3000 mediae
453 2939 622 3001 comoediae
646 2958 713 3000 esse
737 2937 902 2998 credamus

206 3130 233 3196 1)
251 3127 416 3182 Viduleriee
430 3128 586 3199 prologum,
606 3143 778 3197 quemquem
792 3127 947 3181 miserrime
962 3125 1109 3180 mutilatus
1124 3128 1175 3193 eet,
1194 3127 1293 3181 tamen

109 3204 298 3273 Euripideum
317 3224 374 3262 non
392 3207 478 3261 fidene
498 3211 650 3277 apparete
669 3226 694 3262 v.
715 3213 810 3276 10sq.:

330 3323 415 3377 Credo
433 3329 624 3393 argumentum
641 3324 707 3378 celle
725 3341 771 3379 ooo
785 3340 957 3392 pomoecere:

328 3403 492 3471 Intellepetie
506 3405 610 3471 potine,
628 3404 696 3472 quid
714 3411 801 3473 epact
819 3405 931 3472 quando
950 3410 1038 3475 agent.

204 3515 231 3584 2)
249 3514 291 3569 De
314 3515 365 3585 Ep.
389 3516 504 3585 quidem
527 3517 653 3572 dubitari
675 3517 756 3586 licet,
780 3519 860 3572 cuius
882 3519 1030 3590 prologum
1057 3517 1194 3573 excidisse
1219 3516 1292 3570 mihi

106 3594 256 3666 persuasit
273 3595 317 3650 Pr.
337 3596 393 3651 Leo
413 3595 514 3666 (Pleut.
533 3597 645 3652 Porsch.
666 3616 692 3668 p.
710 3603 760 3652 179
769 3600 849 3667 eqo).
