<?xml version="1.0" encoding="UTF-8"?>
<!DOCTYPE html PUBLIC "-//W3C//DTD XHTML 1.0 Transitional//EN"
    "http://www.w3.org/TR/xhtml1/DTD/xhtml1-transitional.dtd">
<html xmlns="http://www.w3.org/1999/xhtml" xml:lang="en" lang="en">
 <head>
  <title>
</title>
<meta http-equiv="Content-Type" content="text/html;charset=utf-8" />
  <meta name='ocr-system' content='tesseract 3.04.00' />
  <meta name='ocr-capabilities' content='ocr_page ocr_carea ocr_par ocr_line ocrx_word'/>
</head>
<body>
  <div class='ocr_page' id='page_1' title='image "./deplautipersa00meyegoog_0040.png"; bbox 0 0 3275 5192; ppageno 0'>
   <div class='ocr_carea' id='block_1_1' title="bbox 778 401 1020 466">
    <p class='ocr_par' dir='ltr' id='par_1_1' title="bbox 778 401 1020 466">
     <span class='ocr_line' id='line_1_1' title="bbox 778 401 1020 466; baseline -0.008 1"><span class='ocrx_word' id='word_1_1' title='bbox 778 401 1020 466; x_wconf 85' lang='lat'>-180-</span> 
     </span>
    </p>
   </div>
   <div class='ocr_carea' id='block_1_2' title="bbox 306 580 1494 4587">
    <p class='ocr_par' dir='ltr' id='par_1_2' title="bbox 306 580 1487 766">
     <span class='ocr_line' id='line_1_2' title="bbox 306 580 1487 666; baseline -0.008 -17"><span class='ocrx_word' id='word_1_2' title='bbox 306 598 416 666; x_wconf 84' lang='lat' dir='ltr'>essent,</span> <span class='ocrx_word' id='word_1_3' title='bbox 441 588 606 648; x_wconf 86' lang='lat' dir='ltr'>resecuisse</span> <span class='ocrx_word' id='word_1_4' title='bbox 630 585 733 663; x_wconf 86' lang='lat' dir='ltr'>videri,</span> <span class='ocrx_word' id='word_1_5' title='bbox 759 586 811 664; x_wconf 88' lang='lat' dir='ltr'>qui</span> <span class='ocrx_word' id='word_1_6' title='bbox 834 591 938 644; x_wconf 89' lang='lat' dir='ltr'>contra</span> <span class='ocrx_word' id='word_1_7' title='bbox 956 581 1157 644; x_wconf 85' lang='lat' dir='ltr'>Romanorum</span> <span class='ocrx_word' id='word_1_8' title='bbox 1181 580 1349 644; x_wconf 88' lang='lat' dir='ltr'>antestandi</span> <span class='ocrx_word' id='word_1_9' title='bbox 1371 598 1487 641; x_wconf 92' lang='lat' dir='ltr'>morem</span> 
     </span>
     <span class='ocr_line' id='line_1_3' title="bbox 308 683 693 766; baseline -0.013 -18"><span class='ocrx_word' id='word_1_10' title='bbox 308 694 337 748; x_wconf 88' lang='lat' dir='ltr'>et</span> <span class='ocrx_word' id='word_1_11' title='bbox 359 693 527 766; x_wconf 78' lang='lat' dir='ltr'>praetorem</span> <span class='ocrx_word' id='word_1_12' title='bbox 550 683 693 748; x_wconf 88' lang='lat' dir='ltr'>intulerit.</span> 
     </span>
    </p>

    <p class='ocr_par' dir='ltr' id='par_1_3' title="bbox 307 777 1494 4587">
     <span class='ocr_line' id='line_1_4' title="bbox 397 777 1486 861; baseline -0.006 -17"><span class='ocrx_word' id='word_1_13' title='bbox 397 783 479 855; x_wconf 84' lang='lat' dir='ltr'>Quae</span> <span class='ocrx_word' id='word_1_14' title='bbox 506 799 685 861; x_wconf 85' lang='lat' dir='ltr'>quamquam</span> <span class='ocrx_word' id='word_1_15' title='bbox 708 789 742 841; x_wconf 89' lang='lat' dir='ltr'>ut</span> <span class='ocrx_word' id='word_1_16' title='bbox 769 779 835 840; x_wconf 90' lang='lat' dir='ltr'>aliis</span> <span class='ocrx_word' id='word_1_17' title='bbox 857 781 930 840; x_wconf 80' lang='lat' dir='ltr'>rixis</span> <span class='ocrx_word' id='word_1_18' title='bbox 954 779 1063 858; x_wconf 89' lang='lat' dir='ltr'>doctis,</span> <span class='ocrx_word' id='word_1_19' title='bbox 1093 781 1134 841; x_wconf 93' lang='lat' dir='ltr'>ita</span> <span class='ocrx_word' id='word_1_20' title='bbox 1161 779 1235 840; x_wconf 92' lang='lat' dir='ltr'>mibi</span> <span class='ocrx_word' id='word_1_21' title='bbox 1261 777 1359 858; x_wconf 90' lang='lat' dir='ltr'>„baud</span> <span class='ocrx_word' id='word_1_22' title='bbox 1386 779 1486 857; x_wconf 89' lang='lat' dir='ltr'>inepte</span> 
     </span>
     <span class='ocr_line' id='line_1_5' title="bbox 309 875 1487 962; baseline -0.007 -19"><span class='ocrx_word' id='word_1_23' title='bbox 309 882 456 962; x_wconf 93' lang='lat' dir='ltr'>disputata</span> <span class='ocrx_word' id='word_1_24' title='bbox 485 899 551 942; x_wconf 89' lang='lat' dir='ltr'>esse</span> <span class='ocrx_word' id='word_1_25' title='bbox 575 876 739 958; x_wconf 56' lang='lat' dir='ltr'>videntur‘ss</span> <span class='ocrx_word' id='word_1_26' title='bbox 767 888 866 939; x_wconf 89' lang='lat' dir='ltr'>tamen</span> <span class='ocrx_word' id='word_1_27' title='bbox 889 896 949 938; x_wconf 95' lang='lat' dir='ltr'>non</span> <span class='ocrx_word' id='word_1_28' title='bbox 972 877 1059 958; x_wconf 90' lang='lat' dir='ltr'>plane</span> <span class='ocrx_word' id='word_1_29' title='bbox 1082 879 1126 938; x_wconf 90' lang='lat' dir='ltr'>eis</span> <span class='ocrx_word' id='word_1_30' title='bbox 1154 878 1308 937; x_wconf 89' lang='lat' dir='ltr'>assentior.</span> <span class='ocrx_word' id='word_1_31' title='bbox 1353 875 1487 935; x_wconf 91' lang='lat' dir='ltr'>Primum</span> 
     </span>
     <span class='ocr_line' id='line_1_6' title="bbox 308 975 1487 1056; baseline -0.007 -15"><span class='ocrx_word' id='word_1_32' title='bbox 308 983 389 1041; x_wconf 89' lang='lat' dir='ltr'>enim</span> <span class='ocrx_word' id='word_1_33' title='bbox 416 979 518 1040; x_wconf 86' lang='lat' dir='ltr'>Plauto</span> <span class='ocrx_word' id='word_1_34' title='bbox 546 985 658 1040; x_wconf 88' lang='lat' dir='ltr'>tantam</span> <span class='ocrx_word' id='word_1_35' title='bbox 688 978 837 1038; x_wconf 91' lang='lat' dir='ltr'>inscitiam</span> <span class='ocrx_word' id='word_1_36' title='bbox 865 994 924 1036; x_wconf 95' lang='lat' dir='ltr'>non</span> <span class='ocrx_word' id='word_1_37' title='bbox 955 977 1175 1056; x_wconf 80' lang='lat' dir='ltr'>imputaverim,</span> <span class='ocrx_word' id='word_1_38' title='bbox 1205 983 1239 1035; x_wconf 94' lang='lat' dir='ltr'>ut</span> <span class='ocrx_word' id='word_1_39' title='bbox 1269 993 1338 1036; x_wconf 90' lang='lat' dir='ltr'>eum</span> <span class='ocrx_word' id='word_1_40' title='bbox 1366 975 1487 1034; x_wconf 89' lang='lat' dir='ltr'>omuino</span> 
     </span>
     <span class='ocr_line' id='line_1_7' title="bbox 307 1073 1488 1157; baseline -0.006 -19"><span class='ocrx_word' id='word_1_41' title='bbox 307 1085 368 1138; x_wconf 83' lang='lat' dir='ltr'>‘non</span> <span class='ocrx_word' id='word_1_42' title='bbox 387 1077 539 1157; x_wconf 80' lang='lat' dir='ltr'>probabile</span> <span class='ocrx_word' id='word_1_43' title='bbox 559 1075 724 1137; x_wconf 79' lang='lat' dir='ltr'>reddidisse</span> <span class='ocrx_word' id='word_1_44' title='bbox 743 1082 855 1154; x_wconf 92' lang='lat' dir='ltr'>putem,</span> <span class='ocrx_word' id='word_1_45' title='bbox 879 1092 933 1135; x_wconf 87' lang='lat' dir='ltr'>cur</span> <span class='ocrx_word' id='word_1_46' title='bbox 954 1076 1104 1154; x_wconf 78' lang='lat' dir='ltr'>parasitus</span> <span class='ocrx_word' id='word_1_47' title='bbox 1126 1092 1217 1134; x_wconf 87' lang='lat' dir='ltr'>cenae</span> <span class='ocrx_word' id='word_1_48' title='bbox 1240 1091 1300 1133; x_wconf 94' lang='lat' dir='ltr'>non</span> <span class='ocrx_word' id='word_1_49' title='bbox 1319 1073 1438 1132; x_wconf 90' lang='lat' dir='ltr'>intersit</span> <span class='ocrx_word' id='word_1_50' title='bbox 1457 1080 1488 1131; x_wconf 88' lang='lat' dir='ltr'>et</span> 
     </span>
     <span class='ocr_line' id='line_1_8' title="bbox 310 1171 1488 1258; baseline -0.007 -21"><span class='ocrx_word' id='word_1_51' title='bbox 310 1177 385 1255; x_wconf 90' lang='lat' dir='ltr'>leno,</span> <span class='ocrx_word' id='word_1_52' title='bbox 406 1177 506 1255; x_wconf 87' lang='lat' dir='ltr'>quiin</span> <span class='ocrx_word' id='word_1_53' title='bbox 525 1175 671 1258; x_wconf 85' lang='lat' dir='ltr'>praetoris</span> <span class='ocrx_word' id='word_1_54' title='bbox 685 1181 831 1253; x_wconf 82' lang='lat' dir='ltr'>potestate</span> <span class='ocrx_word' id='word_1_55' title='bbox 847 1191 912 1233; x_wconf 89' lang='lat' dir='ltr'>esse</span> <span class='ocrx_word' id='word_1_56' title='bbox 932 1171 1100 1233; x_wconf 89' lang='lat' dir='ltr'>censendus</span> <span class='ocrx_word' id='word_1_57' title='bbox 1119 1179 1173 1251; x_wconf 87' lang='lat' dir='ltr'>est,</span> <span class='ocrx_word' id='word_1_58' title='bbox 1192 1189 1297 1232; x_wconf 85' lang='lat' dir='ltr'>rursus</span> <span class='ocrx_word' id='word_1_59' title='bbox 1317 1172 1347 1230; x_wconf 95' lang='lat' dir='ltr'>iu</span> <span class='ocrx_word' id='word_1_60' title='bbox 1367 1187 1488 1230; x_wconf 80' lang='lat' dir='ltr'>scenam</span> 
     </span>
     <span class='ocr_line' id='line_1_9' title="bbox 310 1269 1488 1353; baseline -0.005 -19"><span class='ocrx_word' id='word_1_61' title='bbox 310 1273 525 1353; x_wconf 80' lang='lat' dir='ltr'>progrediatur.</span> <span class='ocrx_word' id='word_1_62' title='bbox 571 1271 765 1350; x_wconf 82' lang='lat' dir='ltr'>Nihilomagis</span> <span class='ocrx_word' id='word_1_63' title='bbox 789 1289 909 1332; x_wconf 89' lang='lat' dir='ltr'>causam</span> <span class='ocrx_word' id='word_1_64' title='bbox 932 1269 1059 1351; x_wconf 89' lang='lat' dir='ltr'>probare</span> <span class='ocrx_word' id='word_1_65' title='bbox 1082 1288 1217 1349; x_wconf 91' lang='lat' dir='ltr'>possum,</span> <span class='ocrx_word' id='word_1_66' title='bbox 1241 1288 1299 1348; x_wconf 89' lang='lat' dir='ltr'>qua</span> <span class='ocrx_word' id='word_1_67' title='bbox 1323 1277 1488 1329; x_wconf 84' lang='lat' dir='ltr'>commotus</span> 
     </span>
     <span class='ocr_line' id='line_1_10' title="bbox 309 1366 1488 1448; baseline -0.005 -16"><span class='ocrx_word' id='word_1_68' title='bbox 309 1371 431 1433; x_wconf 89' lang='lat' dir='ltr'>Plautus</span> <span class='ocrx_word' id='word_1_69' title='bbox 455 1390 490 1432; x_wconf 93' lang='lat' dir='ltr'>ex</span> <span class='ocrx_word' id='word_1_70' title='bbox 509 1371 776 1432; x_wconf 82' lang='lat' dir='ltr'>Wilamonitzii</span> <span class='ocrx_word' id='word_1_71' title='bbox 800 1371 947 1430; x_wconf 89' lang='lat' dir='ltr'>sententia</span> <span class='ocrx_word' id='word_1_72' title='bbox 965 1367 1047 1428; x_wconf 90' lang='lat' dir='ltr'>illam</span> <span class='ocrx_word' id='word_1_73' title='bbox 1064 1377 1179 1448; x_wconf 92' lang='lat' dir='ltr'>partem</span> <span class='ocrx_word' id='word_1_74' title='bbox 1199 1366 1314 1428; x_wconf 84' lang='lat' dir='ltr'>fabulae</span> <span class='ocrx_word' id='word_1_75' title='bbox 1334 1373 1488 1427; x_wconf 85' lang='lat' dir='ltr'>contraxe-</span> 
     </span>
     <span class='ocr_line' id='line_1_11' title="bbox 310 1465 1489 1547; baseline -0.006 -17"><span class='ocrx_word' id='word_1_76' title='bbox 310 1473 358 1530; x_wconf 91' lang='lat' dir='ltr'>rit.</span> <span class='ocrx_word' id='word_1_77' title='bbox 404 1469 483 1531; x_wconf 80' lang='lat' dir='ltr'>Dicit</span> <span class='ocrx_word' id='word_1_78' title='bbox 506 1471 586 1530; x_wconf 91' lang='lat' dir='ltr'>enim</span> <span class='ocrx_word' id='word_1_79' title='bbox 609 1469 745 1529; x_wconf 90' lang='lat' dir='ltr'>Plautum</span> <span class='ocrx_word' id='word_1_80' title='bbox 769 1467 869 1547; x_wconf 90' lang='lat' dir='ltr'>multa,</span> <span class='ocrx_word' id='word_1_81' title='bbox 895 1486 970 1546; x_wconf 89' lang='lat' dir='ltr'>quae</span> <span class='ocrx_word' id='word_1_82' title='bbox 994 1469 1023 1527; x_wconf 92' lang='lat' dir='ltr'>ei</span> <span class='ocrx_word' id='word_1_83' title='bbox 1047 1468 1135 1526; x_wconf 91' lang='lat' dir='ltr'>nimis</span> <span class='ocrx_word' id='word_1_84' title='bbox 1159 1465 1269 1526; x_wconf 87' lang='lat' dir='ltr'>Graeca</span> <span class='ocrx_word' id='word_1_85' title='bbox 1293 1466 1355 1525; x_wconf 83' lang='lat' dir='ltr'>risa</span> <span class='ocrx_word' id='word_1_86' title='bbox 1379 1473 1489 1541; x_wconf 89' lang='lat' dir='ltr'>essent,</span> 
     </span>
     <span class='ocr_line' id='line_1_12' title="bbox 311 1561 1488 1645; baseline -0.004 -18"><span class='ocrx_word' id='word_1_87' title='bbox 311 1569 487 1629; x_wconf 90' lang='lat' dir='ltr'>resecuisse.</span> <span class='ocrx_word' id='word_1_88' title='bbox 534 1567 592 1628; x_wconf 88' lang='lat' dir='ltr'>Sed</span> <span class='ocrx_word' id='word_1_89' title='bbox 623 1566 653 1627; x_wconf 93' lang='lat' dir='ltr'>id</span> <span class='ocrx_word' id='word_1_90' title='bbox 676 1568 787 1645; x_wconf 88' lang='lat' dir='ltr'>ipsum,</span> <span class='ocrx_word' id='word_1_91' title='bbox 816 1564 895 1645; x_wconf 87' lang='lat' dir='ltr'>quod</span> <span class='ocrx_word' id='word_1_92' title='bbox 918 1564 1152 1625; x_wconf 72' lang='lat' dir='ltr'>Wilamou&#39;itz</span> <span class='ocrx_word' id='word_1_93' title='bbox 1181 1565 1307 1624; x_wconf 87' lang='lat' dir='ltr'>maxime</span> <span class='ocrx_word' id='word_1_94' title='bbox 1332 1561 1488 1640; x_wconf 87' lang='lat' dir='ltr'>desiderat,</span> 
     </span>
     <span class='ocr_line' id='line_1_13' title="bbox 312 1662 1488 1744; baseline -0.006 -18"><span class='ocrx_word' id='word_1_95' title='bbox 312 1666 449 1726; x_wconf 90' lang='lat' dir='ltr'>lenonem</span> <span class='ocrx_word' id='word_1_96' title='bbox 473 1683 577 1744; x_wconf 87' lang='lat' dir='ltr'>magna</span> <span class='ocrx_word' id='word_1_97' title='bbox 600 1665 728 1744; x_wconf 90' lang='lat' dir='ltr'>pecunia</span> <span class='ocrx_word' id='word_1_98' title='bbox 751 1662 816 1724; x_wconf 91' lang='lat' dir='ltr'>data</span> <span class='ocrx_word' id='word_1_99' title='bbox 841 1683 858 1724; x_wconf 94' lang='lat' dir='ltr'>a</span> <span class='ocrx_word' id='word_1_100' title='bbox 882 1663 1038 1724; x_wconf 88' lang='lat' dir='ltr'>Saturione</span> <span class='ocrx_word' id='word_1_101' title='bbox 1066 1665 1228 1742; x_wconf 88' lang='lat' dir='ltr'>impetrare</span> <span class='ocrx_word' id='word_1_102' title='bbox 1251 1668 1390 1721; x_wconf 86' lang='lat' dir='ltr'>conatum</span> <span class='ocrx_word' id='word_1_103' title='bbox 1413 1677 1488 1737; x_wconf 90' lang='lat' dir='ltr'>esse,</span> 
     </span>
     <span class='ocr_line' id='line_1_14' title="bbox 310 1756 1488 1842; baseline -0.005 -18"><span class='ocrx_word' id='word_1_104' title='bbox 310 1771 344 1825; x_wconf 93' lang='lat' dir='ltr'>ut</span> <span class='ocrx_word' id='word_1_105' title='bbox 368 1782 383 1823; x_wconf 94' lang='lat' dir='ltr'>a</span> <span class='ocrx_word' id='word_1_106' title='bbox 411 1782 500 1824; x_wconf 92' lang='lat' dir='ltr'>causa</span> <span class='ocrx_word' id='word_1_107' title='bbox 529 1759 801 1842; x_wconf 78' lang='grc' dir='ltr'><em>ἀνδραποδισμοῦ</em></span> <span class='ocrx_word' id='word_1_108' title='bbox 831 1761 1002 1839; x_wconf 89' lang='lat' dir='ltr'>desisteret,</span> <span class='ocrx_word' id='word_1_109' title='bbox 1030 1779 1127 1839; x_wconf 88' lang='lat' dir='ltr'>neque</span> <span class='ocrx_word' id='word_1_110' title='bbox 1155 1760 1284 1820; x_wconf 78' lang='lat' dir='ltr'>Atticum</span> <span class='ocrx_word' id='word_1_111' title='bbox 1312 1777 1409 1837; x_wconf 89' lang='lat' dir='ltr'>neque</span> <span class='ocrx_word' id='word_1_112' title='bbox 1431 1756 1488 1818; x_wconf 82' lang='lat' dir='ltr'>lio·</span> 
     </span>
     <span class='ocr_line' id='line_1_15' title="bbox 311 1855 1492 1940; baseline -0.007 -18"><span class='ocrx_word' id='word_1_113' title='bbox 311 1880 445 1940; x_wconf 86' lang='lat' dir='ltr'>manum,</span> <span class='ocrx_word' id='word_1_114' title='bbox 476 1861 528 1922; x_wconf 90' lang='lat' dir='ltr'>sed</span> <span class='ocrx_word' id='word_1_115' title='bbox 559 1862 678 1921; x_wconf 92' lang='lat' dir='ltr'>omnino</span> <span class='ocrx_word' id='word_1_116' title='bbox 708 1861 871 1921; x_wconf 91' lang='lat' dir='ltr'>humanum</span> <span class='ocrx_word' id='word_1_117' title='bbox 902 1867 955 1920; x_wconf 90' lang='lat' dir='ltr'>est.</span> <span class='ocrx_word' id='word_1_118' title='bbox 1001 1859 1103 1938; x_wconf 88' lang='lat' dir='ltr'>ltaque</span> <span class='ocrx_word' id='word_1_119' title='bbox 1134 1857 1207 1918; x_wconf 93' lang='lat' dir='ltr'>illud</span> <span class='ocrx_word' id='word_1_120' title='bbox 1234 1859 1340 1917; x_wconf 88' lang='lat' dir='ltr'>vitium</span> <span class='ocrx_word' id='word_1_121' title='bbox 1367 1875 1426 1916; x_wconf 93' lang='lat' dir='ltr'>non</span> <span class='ocrx_word' id='word_1_122' title='bbox 1455 1855 1492 1915; x_wconf 90' lang='lat' dir='ltr'>ad</span> 
     </span>
     <span class='ocr_line' id='line_1_16' title="bbox 311 1954 1490 2032; baseline -0.005 -13"><span class='ocrx_word' id='word_1_123' title='bbox 311 1959 407 2021; x_wconf 91' lang='lat' dir='ltr'>Plauti</span> <span class='ocrx_word' id='word_1_124' title='bbox 426 1961 574 2020; x_wconf 89' lang='lat' dir='ltr'>inscitiam</span> <span class='ocrx_word' id='word_1_125' title='bbox 594 1960 665 2019; x_wconf 89' lang='lat' dir='ltr'>artis</span> <span class='ocrx_word' id='word_1_126' title='bbox 683 1961 828 2032; x_wconf 84' lang='lat' dir='ltr'>scenicae,</span> <span class='ocrx_word' id='word_1_127' title='bbox 848 1957 900 2018; x_wconf 90' lang='lat' dir='ltr'>sed</span> <span class='ocrx_word' id='word_1_128' title='bbox 915 1956 952 2017; x_wconf 92' lang='lat' dir='ltr'>ad</span> <span class='ocrx_word' id='word_1_129' title='bbox 967 1958 1168 2018; x_wconf 90' lang='lat' dir='ltr'>retractatoris</span> <span class='ocrx_word' id='word_1_130' title='bbox 1183 1955 1342 2015; x_wconf 85' lang='lat' dir='ltr'>artificium</span> <span class='ocrx_word' id='word_1_131' title='bbox 1357 1954 1490 2015; x_wconf 90' lang='lat' dir='ltr'>releren-</span> 
     </span>
     <span class='ocr_line' id='line_1_17' title="bbox 313 2054 1490 2137; baseline -0.005 -19"><span class='ocrx_word' id='word_1_132' title='bbox 313 2057 383 2118; x_wconf 89' lang='lat' dir='ltr'>dum</span> <span class='ocrx_word' id='word_1_133' title='bbox 407 2076 472 2118; x_wconf 91' lang='lat' dir='ltr'>esse</span> <span class='ocrx_word' id='word_1_134' title='bbox 495 2065 576 2136; x_wconf 90' lang='lat' dir='ltr'>puto,</span> <span class='ocrx_word' id='word_1_135' title='bbox 599 2059 652 2137; x_wconf 91' lang='lat' dir='ltr'>qui</span> <span class='ocrx_word' id='word_1_136' title='bbox 675 2075 749 2136; x_wconf 87' lang='lat' dir='ltr'>quae</span> <span class='ocrx_word' id='word_1_137' title='bbox 768 2056 1004 2116; x_wconf 76' lang='lat' dir='ltr'>Wilamou&#39;itz</span> <span class='ocrx_word' id='word_1_138' title='bbox 1029 2054 1177 2116; x_wconf 89' lang='lat' dir='ltr'>desiderat</span> <span class='ocrx_word' id='word_1_139' title='bbox 1200 2055 1308 2133; x_wconf 80' lang='lat' dir='ltr'>omisit,</span> <span class='ocrx_word' id='word_1_140' title='bbox 1331 2061 1364 2113; x_wconf 92' lang='lat' dir='ltr'>ut</span> <span class='ocrx_word' id='word_1_141' title='bbox 1388 2061 1490 2113; x_wconf 90' lang='lat' dir='ltr'>contra</span> 
     </span>
     <span class='ocr_line' id='line_1_18' title="bbox 312 2153 1490 2234; baseline -0.005 -18"><span class='ocrx_word' id='word_1_142' title='bbox 312 2156 409 2234; x_wconf 90' lang='lat' dir='ltr'>quinti</span> <span class='ocrx_word' id='word_1_143' title='bbox 440 2163 523 2216; x_wconf 89' lang='lat' dir='ltr'>actus</span> <span class='ocrx_word' id='word_1_144' title='bbox 553 2155 720 2216; x_wconf 89' lang='lat' dir='ltr'>convivium</span> <span class='ocrx_word' id='word_1_145' title='bbox 753 2163 782 2214; x_wconf 92' lang='lat' dir='ltr'>et</span> <span class='ocrx_word' id='word_1_146' title='bbox 815 2162 929 2214; x_wconf 89' lang='lat' dir='ltr'>ceteras</span> <span class='ocrx_word' id='word_1_147' title='bbox 962 2153 1077 2214; x_wconf 84' lang='lat' dir='ltr'>fabulae</span> <span class='ocrx_word' id='word_1_148' title='bbox 1107 2162 1208 2231; x_wconf 90' lang='lat' dir='ltr'>partes</span> <span class='ocrx_word' id='word_1_149' title='bbox 1240 2169 1349 2229; x_wconf 87' lang='lat' dir='ltr'>augere</span> <span class='ocrx_word' id='word_1_150' title='bbox 1381 2158 1490 2230; x_wconf 91' lang='lat' dir='ltr'>posset,</span> 
     </span>
     <span class='ocr_line' id='line_1_19' title="bbox 312 2248 1490 2332; baseline -0.005 -18"><span class='ocrx_word' id='word_1_151' title='bbox 312 2271 385 2332; x_wconf 87' lang='lat' dir='ltr'>quas</span> <span class='ocrx_word' id='word_1_152' title='bbox 409 2252 653 2332; x_wconf 85' lang='lat' dir='ltr'>amplificationes</span> <span class='ocrx_word' id='word_1_153' title='bbox 681 2252 725 2313; x_wconf 94' lang='lat' dir='ltr'>illi</span> <span class='ocrx_word' id='word_1_154' title='bbox 753 2251 925 2313; x_wconf 89' lang='lat' dir='ltr'>tribuendas</span> <span class='ocrx_word' id='word_1_155' title='bbox 954 2269 1019 2312; x_wconf 92' lang='lat' dir='ltr'>esse</span> <span class='ocrx_word' id='word_1_156' title='bbox 1048 2254 1107 2311; x_wconf 92' lang='lat' dir='ltr'>iam</span> <span class='ocrx_word' id='word_1_157' title='bbox 1136 2249 1274 2310; x_wconf 85' lang='lat' dir='ltr'>vidimus.</span> <span class='ocrx_word' id='word_1_158' title='bbox 1319 2248 1396 2309; x_wconf 93' lang='lat' dir='ltr'>lllud</span> <span class='ocrx_word' id='word_1_159' title='bbox 1419 2268 1490 2328; x_wconf 88' lang='lat' dir='ltr'>quo-</span> 
     </span>
     <span class='ocr_line' id='line_1_20' title="bbox 312 2347 1491 2437; baseline -0.004 -25"><span class='ocrx_word' id='word_1_160' title='bbox 312 2371 370 2430; x_wconf 89' lang='lat' dir='ltr'>que</span> <span class='ocrx_word' id='word_1_161' title='bbox 393 2370 499 2430; x_wconf 89' lang='lat' dir='ltr'>parum</span> <span class='ocrx_word' id='word_1_162' title='bbox 523 2360 604 2412; x_wconf 90' lang='lat' dir='ltr'>recte</span> <span class='ocrx_word' id='word_1_163' title='bbox 623 2349 857 2437; x_wconf 83' lang='lat' dir='ltr'>Wilamonitz</span> <span class='ocrx_word' id='word_1_164' title='bbox 881 2368 999 2411; x_wconf 91' lang='lat' dir='ltr'>sumere</span> <span class='ocrx_word' id='word_1_165' title='bbox 1018 2350 1092 2410; x_wconf 92' lang='lat' dir='ltr'>mibi</span> <span class='ocrx_word' id='word_1_166' title='bbox 1111 2348 1236 2427; x_wconf 88' lang='lat' dir='ltr'>videtur,</span> <span class='ocrx_word' id='word_1_167' title='bbox 1260 2347 1340 2428; x_wconf 89' lang='lat' dir='ltr'>quod</span> <span class='ocrx_word' id='word_1_168' title='bbox 1359 2347 1491 2408; x_wconf 90' lang='lat' dir='ltr'>Saturio·</span> 
     </span>
     <span class='ocr_line' id='line_1_21' title="bbox 312 2444 1490 2528; baseline -0.003 -19"><span class='ocrx_word' id='word_1_169' title='bbox 312 2467 381 2510; x_wconf 91' lang='lat' dir='ltr'>uem</span> <span class='ocrx_word' id='word_1_170' title='bbox 403 2449 587 2528; x_wconf 86' lang='lat' dir='ltr'>praedixisse</span> <span class='ocrx_word' id='word_1_171' title='bbox 612 2450 715 2510; x_wconf 94' lang='lat' dir='ltr'>statuit</span> <span class='ocrx_word' id='word_1_172' title='bbox 731 2467 784 2528; x_wconf 90' lang='lat' dir='ltr'>„se</span> <span class='ocrx_word' id='word_1_173' title='bbox 803 2448 955 2508; x_wconf 90' lang='lat' dir='ltr'>terriculis</span> <span class='ocrx_word' id='word_1_174' title='bbox 974 2444 1151 2527; x_wconf 76' lang='grc' dir='ltr'>ἀπαγωγῆς</span> <span class='ocrx_word' id='word_1_175' title='bbox 1168 2446 1296 2508; x_wconf 87' lang='lat' dir='ltr'>Dordalo</span> <span class='ocrx_word' id='word_1_176' title='bbox 1319 2454 1363 2507; x_wconf 89' lang='lat' dir='ltr'>tot</span> <span class='ocrx_word' id='word_1_177' title='bbox 1380 2445 1490 2525; x_wconf 91' lang='lat' dir='ltr'>Philip·</span> 
     </span>
     <span class='ocr_line' id='line_1_22' title="bbox 313 2541 1491 2627; baseline -0.004 -19"><span class='ocrx_word' id='word_1_178' title='bbox 313 2565 385 2627; x_wconf 91' lang='lat' dir='ltr'>peos</span> <span class='ocrx_word' id='word_1_179' title='bbox 409 2555 595 2608; x_wconf 88' lang='lat' dir='ltr'>extorturum</span> <span class='ocrx_word' id='word_1_180' title='bbox 617 2565 691 2625; x_wconf 91' lang='lat' dir='ltr'>esse,</span> <span class='ocrx_word' id='word_1_181' title='bbox 715 2557 748 2607; x_wconf 94' lang='lat' dir='ltr'>ut</span> <span class='ocrx_word' id='word_1_182' title='bbox 767 2546 887 2608; x_wconf 88' lang='lat' dir='ltr'>tandem</span> <span class='ocrx_word' id='word_1_183' title='bbox 907 2545 1063 2624; x_wconf 91' lang='lat' dir='ltr'>aliquando</span> <span class='ocrx_word' id='word_1_184' title='bbox 1084 2545 1164 2606; x_wconf 92' lang='lat' dir='ltr'>domi</span> <span class='ocrx_word' id='word_1_185' title='bbox 1182 2552 1266 2606; x_wconf 89' lang='lat' dir='ltr'>satur</span> <span class='ocrx_word' id='word_1_186' title='bbox 1284 2545 1350 2605; x_wconf 85' lang='lat' dir='ltr'>fieri</span> <span class='ocrx_word' id='word_1_187' title='bbox 1368 2541 1491 2623; x_wconf 83' lang='lat' dir='ltr'>possit.“</span> 
     </span>
     <span class='ocr_line' id='line_1_23' title="bbox 314 2642 1490 2725; baseline -0.003 -21"><span class='ocrx_word' id='word_1_188' title='bbox 314 2644 417 2725; x_wconf 89' lang='lat' dir='ltr'>Neque</span> <span class='ocrx_word' id='word_1_189' title='bbox 442 2647 522 2705; x_wconf 90' lang='lat' dir='ltr'>enim</span> <span class='ocrx_word' id='word_1_190' title='bbox 546 2664 620 2724; x_wconf 90' lang='lat' dir='ltr'>opus</span> <span class='ocrx_word' id='word_1_191' title='bbox 644 2653 690 2706; x_wconf 90' lang='lat' dir='ltr'>est</span> <span class='ocrx_word' id='word_1_192' title='bbox 713 2645 770 2704; x_wconf 91' lang='lat' dir='ltr'>tale</span> <span class='ocrx_word' id='word_1_193' title='bbox 791 2644 862 2724; x_wconf 90' lang='lat' dir='ltr'>quid</span> <span class='ocrx_word' id='word_1_194' title='bbox 881 2645 1017 2705; x_wconf 88' lang='lat' dir='ltr'>conicere</span> <span class='ocrx_word' id='word_1_195' title='bbox 1038 2651 1067 2704; x_wconf 90' lang='lat' dir='ltr'>et</span> <span class='ocrx_word' id='word_1_196' title='bbox 1086 2662 1120 2704; x_wconf 91' lang='lat' dir='ltr'>ea</span> <span class='ocrx_word' id='word_1_197' title='bbox 1134 2661 1236 2722; x_wconf 91' lang='lat' dir='ltr'>scena,</span> <span class='ocrx_word' id='word_1_198' title='bbox 1259 2645 1292 2703; x_wconf 93' lang='lat' dir='ltr'>in</span> <span class='ocrx_word' id='word_1_199' title='bbox 1311 2661 1369 2722; x_wconf 89' lang='lat' dir='ltr'>qua</span> <span class='ocrx_word' id='word_1_200' title='bbox 1387 2642 1490 2702; x_wconf 91' lang='lat' dir='ltr'>Wila-</span> 
     </span>
     <span class='ocr_line' id='line_1_24' title="bbox 313 2742 1491 2822; baseline -0.003 -18"><span class='ocrx_word' id='word_1_201' title='bbox 313 2745 452 2804; x_wconf 84' lang='lat' dir='ltr'>mowitz</span> <span class='ocrx_word' id='word_1_202' title='bbox 480 2742 667 2804; x_wconf 86' lang='lat' dir='ltr'>Saturionem</span> <span class='ocrx_word' id='word_1_203' title='bbox 697 2743 754 2803; x_wconf 89' lang='lat' dir='ltr'>hoc</span> <span class='ocrx_word' id='word_1_204' title='bbox 783 2742 968 2822; x_wconf 78' lang='lat' dir='ltr'>praedixisse</span> <span class='ocrx_word' id='word_1_205' title='bbox 997 2749 1095 2821; x_wconf 87' lang='lat' dir='ltr'>putat,</span> <span class='ocrx_word' id='word_1_206' title='bbox 1125 2742 1250 2820; x_wconf 90' lang='lat' dir='ltr'>septima</span> <span class='ocrx_word' id='word_1_207' title='bbox 1278 2742 1376 2820; x_wconf 91' lang='lat' dir='ltr'>quarti</span> <span class='ocrx_word' id='word_1_208' title='bbox 1399 2747 1491 2818; x_wconf 91' lang='lat' dir='ltr'>actus,</span> 
     </span>
     <span class='ocr_line' id='line_1_25' title="bbox 313 2839 1492 2920; baseline -0.003 -18"><span class='ocrx_word' id='word_1_209' title='bbox 313 2860 417 2920; x_wconf 86' lang='lat' dir='ltr'>pamm</span> <span class='ocrx_word' id='word_1_210' title='bbox 440 2840 547 2902; x_wconf 89' lang='lat' dir='ltr'>idonea</span> <span class='ocrx_word' id='word_1_211' title='bbox 571 2849 628 2920; x_wconf 88' lang='lat' dir='ltr'>est,</span> <span class='ocrx_word' id='word_1_212' title='bbox 660 2842 769 2920; x_wconf 88' lang='lat' dir='ltr'>quippe</span> <span class='ocrx_word' id='word_1_213' title='bbox 793 2858 880 2919; x_wconf 90' lang='lat' dir='ltr'>quam</span> <span class='ocrx_word' id='word_1_214' title='bbox 904 2858 977 2918; x_wconf 92' lang='lat' dir='ltr'>uon,</span> <span class='ocrx_word' id='word_1_215' title='bbox 1007 2846 1040 2900; x_wconf 92' lang='lat' dir='ltr'>ut</span> <span class='ocrx_word' id='word_1_216' title='bbox 1069 2839 1119 2899; x_wconf 90' lang='lat' dir='ltr'>ille</span> <span class='ocrx_word' id='word_1_217' title='bbox 1149 2842 1196 2899; x_wconf 87' lang='lat' dir='ltr'>vir</span> <span class='ocrx_word' id='word_1_218' title='bbox 1224 2839 1328 2899; x_wconf 92' lang='lat' dir='ltr'>doctus</span> <span class='ocrx_word' id='word_1_219' title='bbox 1356 2840 1492 2915; x_wconf 88' lang='lat' dir='ltr'>coniecit,</span> 
     </span>
     <span class='ocr_line' id='line_1_26' title="bbox 313 2934 1491 3017; baseline -0.002 -18"><span class='ocrx_word' id='word_1_220' title='bbox 313 2939 483 3000; x_wconf 88' lang='lat' dir='ltr'>miserrime</span> <span class='ocrx_word' id='word_1_221' title='bbox 507 2938 543 3000; x_wconf 92' lang='lat' dir='ltr'>ab</span> <span class='ocrx_word' id='word_1_222' title='bbox 566 2940 712 3000; x_wconf 91' lang='lat' dir='ltr'>histrione</span> <span class='ocrx_word' id='word_1_223' title='bbox 736 2939 899 3017; x_wconf 86' lang='lat' dir='ltr'>concisam,</span> <span class='ocrx_word' id='word_1_224' title='bbox 924 2937 1016 2998; x_wconf 91' lang='lat' dir='ltr'>seda</span> <span class='ocrx_word' id='word_1_225' title='bbox 1040 2945 1233 2998; x_wconf 88' lang='lat' dir='ltr'>retractatore</span> <span class='ocrx_word' id='word_1_226' title='bbox 1257 2934 1353 2998; x_wconf 81' lang='lat' dir='ltr'>fusius</span> <span class='ocrx_word' id='word_1_227' title='bbox 1376 2945 1491 2998; x_wconf 88' lang='lat' dir='ltr'>auctam</span> 
     </span>
     <span class='ocr_line' id='line_1_27' title="bbox 315 3034 1491 3117; baseline -0.003 -19"><span class='ocrx_word' id='word_1_228' title='bbox 315 3055 381 3098; x_wconf 90' lang='lat' dir='ltr'>esse</span> <span class='ocrx_word' id='word_1_229' title='bbox 406 3056 453 3098; x_wconf 88' lang='lat' dir='ltr'>me</span> <span class='ocrx_word' id='word_1_230' title='bbox 476 3038 649 3117; x_wconf 91' lang='lat' dir='ltr'>probavisse</span> <span class='ocrx_word' id='word_1_231' title='bbox 673 3055 799 3117; x_wconf 88' lang='lat' dir='ltr'>sperem.</span> <span class='ocrx_word' id='word_1_232' title='bbox 841 3036 974 3115; x_wconf 88' lang='lat' dir='ltr'>Denique</span> <span class='ocrx_word' id='word_1_233' title='bbox 994 3036 1229 3096; x_wconf 86' lang='lat' dir='ltr'>Wilamouitz</span> <span class='ocrx_word' id='word_1_234' title='bbox 1254 3035 1393 3113; x_wconf 83' lang='lat' dir='ltr'>colligere</span> <span class='ocrx_word' id='word_1_235' title='bbox 1412 3034 1491 3094; x_wconf 91' lang='lat' dir='ltr'>vide-</span> 
     </span>
     <span class='ocr_line' id='line_1_28' title="bbox 314 3133 1491 3215; baseline -0.001 -21"><span class='ocrx_word' id='word_1_236' title='bbox 314 3143 364 3195; x_wconf 89' lang='lat' dir='ltr'>tur</span> <span class='ocrx_word' id='word_1_237' title='bbox 392 3154 438 3214; x_wconf 94' lang='lat' dir='ltr'>ea,</span> <span class='ocrx_word' id='word_1_238' title='bbox 469 3155 543 3215; x_wconf 92' lang='lat' dir='ltr'>quae</span> <span class='ocrx_word' id='word_1_239' title='bbox 571 3137 603 3195; x_wconf 93' lang='lat' dir='ltr'>in</span> <span class='ocrx_word' id='word_1_240' title='bbox 632 3135 766 3214; x_wconf 89' lang='lat' dir='ltr'>exemplo</span> <span class='ocrx_word' id='word_1_241' title='bbox 790 3133 902 3195; x_wconf 86' lang='lat' dir='ltr'>Graeco</span> <span class='ocrx_word' id='word_1_242' title='bbox 931 3137 1094 3213; x_wconf 80' lang='lat' dir='ltr'>exstitisse,</span> <span class='ocrx_word' id='word_1_243' title='bbox 1123 3134 1177 3194; x_wconf 92' lang='lat' dir='ltr'>sed</span> <span class='ocrx_word' id='word_1_244' title='bbox 1204 3154 1221 3195; x_wconf 94' lang='lat' dir='ltr'>a</span> <span class='ocrx_word' id='word_1_245' title='bbox 1248 3133 1351 3195; x_wconf 89' lang='lat' dir='ltr'>Plauto</span> <span class='ocrx_word' id='word_1_246' title='bbox 1377 3141 1491 3193; x_wconf 89' lang='lat' dir='ltr'>resecta</span> 
     </span>
     <span class='ocr_line' id='line_1_29' title="bbox 315 3232 1492 3313; baseline -0.003 -19"><span class='ocrx_word' id='word_1_247' title='bbox 315 3251 381 3294; x_wconf 89' lang='lat' dir='ltr'>esse</span> <span class='ocrx_word' id='word_1_248' title='bbox 404 3236 518 3313; x_wconf 89' lang='lat' dir='ltr'>posuit,</span> <span class='ocrx_word' id='word_1_249' title='bbox 548 3236 580 3295; x_wconf 93' lang='lat' dir='ltr'>in</span> <span class='ocrx_word' id='word_1_250' title='bbox 611 3235 714 3313; x_wconf 89' lang='lat' dir='ltr'>quinto</span> <span class='ocrx_word' id='word_1_251' title='bbox 743 3233 861 3294; x_wconf 90' lang='lat' dir='ltr'>demum</span> <span class='ocrx_word' id='word_1_252' title='bbox 893 3242 960 3293; x_wconf 92' lang='lat' dir='ltr'>actu</span> <span class='ocrx_word' id='word_1_253' title='bbox 985 3252 1001 3293; x_wconf 91' lang='lat' dir='ltr'>a</span> <span class='ocrx_word' id='word_1_254' title='bbox 1023 3232 1149 3293; x_wconf 88' lang='lat' dir='ltr'>Dordalo</span> <span class='ocrx_word' id='word_1_255' title='bbox 1173 3240 1291 3292; x_wconf 91' lang='lat' dir='ltr'>narrata</span> <span class='ocrx_word' id='word_1_256' title='bbox 1315 3249 1395 3309; x_wconf 90' lang='lat' dir='ltr'>esse,</span> <span class='ocrx_word' id='word_1_257' title='bbox 1424 3249 1492 3291; x_wconf 92' lang='lat' dir='ltr'>cum</span> 
     </span>
     <span class='ocr_line' id='line_1_30' title="bbox 314 3328 1493 3410; baseline -0.003 -19"><span class='ocrx_word' id='word_1_258' title='bbox 314 3334 444 3408; x_wconf 84' lang='lat' dir='ltr'>graviter</span> <span class='ocrx_word' id='word_1_259' title='bbox 475 3333 640 3393; x_wconf 88' lang='lat' dir='ltr'>lamentans</span> <span class='ocrx_word' id='word_1_260' title='bbox 674 3333 704 3391; x_wconf 93' lang='lat' dir='ltr'>in</span> <span class='ocrx_word' id='word_1_261' title='bbox 734 3350 855 3392; x_wconf 89' lang='lat' dir='ltr'>scenam</span> <span class='ocrx_word' id='word_1_262' title='bbox 887 3331 1028 3410; x_wconf 91' lang='lat' dir='ltr'>prodiret.</span> <span class='ocrx_word' id='word_1_263' title='bbox 1079 3331 1150 3390; x_wconf 89' lang='lat' dir='ltr'>Mihi</span> <span class='ocrx_word' id='word_1_264' title='bbox 1178 3338 1275 3390; x_wconf 90' lang='lat' dir='ltr'>autem</span> <span class='ocrx_word' id='word_1_265' title='bbox 1301 3328 1493 3389; x_wconf 88' lang='lat' dir='ltr'>verisimilius</span> 
     </span>
     <span class='ocr_line' id='line_1_31' title="bbox 315 3427 1492 3509; baseline -0.005 -19"><span class='ocrx_word' id='word_1_266' title='bbox 315 3448 381 3490; x_wconf 91' lang='lat' dir='ltr'>esse</span> <span class='ocrx_word' id='word_1_267' title='bbox 405 3429 523 3492; x_wconf 89' lang='lat' dir='ltr'>videtur</span> <span class='ocrx_word' id='word_1_268' title='bbox 546 3431 619 3491; x_wconf 91' lang='lat' dir='ltr'>haec</span> <span class='ocrx_word' id='word_1_269' title='bbox 642 3432 674 3489; x_wconf 95' lang='lat' dir='ltr'>in</span> <span class='ocrx_word' id='word_1_270' title='bbox 698 3448 786 3491; x_wconf 89' lang='lat' dir='ltr'>scena</span> <span class='ocrx_word' id='word_1_271' title='bbox 809 3431 909 3509; x_wconf 89' lang='lat' dir='ltr'>potius</span> <span class='ocrx_word' id='word_1_272' title='bbox 932 3437 996 3490; x_wconf 89' lang='lat' dir='ltr'>acta</span> <span class='ocrx_word' id='word_1_273' title='bbox 1019 3447 1108 3508; x_wconf 88' lang='lat' dir='ltr'>quam</span> <span class='ocrx_word' id='word_1_274' title='bbox 1126 3434 1244 3487; x_wconf 92' lang='lat' dir='ltr'>narrata</span> <span class='ocrx_word' id='word_1_275' title='bbox 1265 3444 1331 3486; x_wconf 90' lang='lat' dir='ltr'>esse</span> <span class='ocrx_word' id='word_1_276' title='bbox 1355 3433 1442 3503; x_wconf 88' lang='lat' dir='ltr'>atque</span> <span class='ocrx_word' id='word_1_277' title='bbox 1461 3427 1492 3485; x_wconf 93' lang='lat' dir='ltr'>in</span> 
     </span>
     <span class='ocr_line' id='line_1_32' title="bbox 314 3523 1494 3607; baseline -0.003 -20"><span class='ocrx_word' id='word_1_278' title='bbox 314 3527 364 3587; x_wconf 90' lang='lat' dir='ltr'>illa</span> <span class='ocrx_word' id='word_1_279' title='bbox 387 3527 507 3607; x_wconf 90' lang='lat' dir='ltr'>quidem</span> <span class='ocrx_word' id='word_1_280' title='bbox 531 3547 608 3589; x_wconf 93' lang='lat' dir='ltr'>uoua</span> <span class='ocrx_word' id='word_1_281' title='bbox 632 3546 723 3588; x_wconf 86' lang='lat' dir='ltr'>scena</span> <span class='ocrx_word' id='word_1_282' title='bbox 747 3529 845 3606; x_wconf 88' lang='lat' dir='ltr'>quarti</span> <span class='ocrx_word' id='word_1_283' title='bbox 869 3535 960 3605; x_wconf 89' lang='lat' dir='ltr'>actus,</span> <span class='ocrx_word' id='word_1_284' title='bbox 984 3546 1060 3605; x_wconf 92' lang='lat' dir='ltr'>quae</span> <span class='ocrx_word' id='word_1_285' title='bbox 1084 3534 1143 3585; x_wconf 90' lang='lat' dir='ltr'>tam</span> <span class='ocrx_word' id='word_1_286' title='bbox 1167 3523 1266 3584; x_wconf 88' lang='lat' dir='ltr'>brevis</span> <span class='ocrx_word' id='word_1_287' title='bbox 1290 3530 1320 3583; x_wconf 89' lang='lat' dir='ltr'>et</span> <span class='ocrx_word' id='word_1_288' title='bbox 1343 3529 1494 3584; x_wconf 76' lang='lat' dir='ltr'>contracta</span> 
     </span>
     <span class='ocr_line' id='line_1_33' title="bbox 314 3620 1493 3705; baseline -0.003 -20"><span class='ocrx_word' id='word_1_289' title='bbox 314 3633 368 3686; x_wconf 90' lang='lat' dir='ltr'>est.</span> <span class='ocrx_word' id='word_1_290' title='bbox 414 3625 495 3686; x_wconf 90' lang='lat' dir='ltr'>Leno</span> <span class='ocrx_word' id='word_1_291' title='bbox 524 3627 615 3705; x_wconf 92' lang='lat' dir='ltr'>enim,</span> <span class='ocrx_word' id='word_1_292' title='bbox 647 3645 715 3686; x_wconf 89' lang='lat' dir='ltr'>curn</span> <span class='ocrx_word' id='word_1_293' title='bbox 745 3645 760 3686; x_wconf 94' lang='lat' dir='ltr'>a</span> <span class='ocrx_word' id='word_1_294' title='bbox 789 3625 945 3685; x_wconf 89' lang='lat' dir='ltr'>Saturione</span> <span class='ocrx_word' id='word_1_295' title='bbox 974 3624 1011 3684; x_wconf 95' lang='lat' dir='ltr'>ad</span> <span class='ocrx_word' id='word_1_296' title='bbox 1038 3631 1205 3702; x_wconf 89' lang='lat' dir='ltr'>praetorem</span> <span class='ocrx_word' id='word_1_297' title='bbox 1234 3622 1320 3699; x_wconf 87' lang='lat' dir='ltr'>sequi</span> <span class='ocrx_word' id='word_1_298' title='bbox 1347 3620 1493 3700; x_wconf 91' lang='lat' dir='ltr'>iubeatur,</span> 
     </span>
     <span class='ocr_line' id='line_1_34' title="bbox 314 3719 1492 3802; baseline -0.004 -18"><span class='ocrx_word' id='word_1_299' title='bbox 314 3723 519 3784; x_wconf 88' lang='lat' dir='ltr'>condicionem</span> <span class='ocrx_word' id='word_1_300' title='bbox 552 3722 700 3802; x_wconf 88' lang='lat' dir='ltr'>quandam</span> <span class='ocrx_word' id='word_1_301' title='bbox 730 3724 938 3802; x_wconf 85' lang='lat' dir='ltr'>propositurus</span> <span class='ocrx_word' id='word_1_302' title='bbox 972 3729 1030 3800; x_wconf 88' lang='lat' dir='ltr'>est,</span> <span class='ocrx_word' id='word_1_303' title='bbox 1064 3739 1121 3798; x_wconf 82' lang='lat' dir='ltr'>qua</span> <span class='ocrx_word' id='word_1_304' title='bbox 1149 3719 1228 3779; x_wconf 91' lang='lat' dir='ltr'>huuc</span> <span class='ocrx_word' id='word_1_305' title='bbox 1260 3728 1292 3779; x_wconf 91' lang='lat' dir='ltr'>ut</span> <span class='ocrx_word' id='word_1_306' title='bbox 1326 3738 1342 3779; x_wconf 93' lang='lat' dir='ltr'>a</span> <span class='ocrx_word' id='word_1_307' title='bbox 1370 3720 1492 3779; x_wconf 93' lang='lat' dir='ltr'>consilio</span> 
     </span>
     <span class='ocr_line' id='line_1_35' title="bbox 314 3811 1492 3901; baseline -0.004 -19"><span class='ocrx_word' id='word_1_308' title='bbox 314 3840 368 3882; x_wconf 94' lang='lat' dir='ltr'>suo</span> <span class='ocrx_word' id='word_1_309' title='bbox 406 3821 528 3882; x_wconf 88' lang='lat' dir='ltr'>desistat</span> <span class='ocrx_word' id='word_1_310' title='bbox 564 3839 749 3882; x_wconf 90' lang='lat' dir='ltr'>commovere</span> <span class='ocrx_word' id='word_1_311' title='bbox 788 3828 912 3881; x_wconf 90' lang='lat' dir='ltr'>conatur</span> <span class='ocrx_word' id='word_1_312' title='bbox 945 3811 1026 3901; x_wconf 81' lang='lat'>(750</span> <span class='ocrx_word' id='word_1_313' title='bbox 1052 3818 1103 3878; x_wconf 86' lang='lat' dir='ltr'>Do.</span> <span class='ocrx_word' id='word_1_314' title='bbox 1138 3818 1212 3878; x_wconf 81' lang='lat' dir='ltr'>Sine</span> <span class='ocrx_word' id='word_1_315' title='bbox 1244 3820 1363 3889; x_wconf 62' lang='lat' dir='ltr'>dicam</span> <span class='ocrx_word' id='word_1_316' title='bbox 1395 3812 1492 3901; x_wconf 83' lang='lat' dir='ltr'>audi).</span> 
     </span>
     <span class='ocr_line' id='line_1_36' title="bbox 313 3915 1493 3994; baseline -0.005 -13"><span class='ocrx_word' id='word_1_317' title='bbox 313 3919 463 3981; x_wconf 91' lang='lat' dir='ltr'>Parasitus</span> <span class='ocrx_word' id='word_1_318' title='bbox 494 3927 592 3980; x_wconf 90' lang='lat' dir='ltr'>autem</span> <span class='ocrx_word' id='word_1_319' title='bbox 621 3919 695 3978; x_wconf 90' lang='lat' dir='ltr'>nihil</span> <span class='ocrx_word' id='word_1_320' title='bbox 725 3918 828 3979; x_wconf 89' lang='lat' dir='ltr'>audire</span> <span class='ocrx_word' id='word_1_321' title='bbox 859 3917 921 3978; x_wconf 90' lang='lat' dir='ltr'>vult</span> <span class='ocrx_word' id='word_1_322' title='bbox 947 3925 977 3978; x_wconf 88' lang='lat' dir='ltr'>et</span> <span class='ocrx_word' id='word_1_323' title='bbox 1007 3916 1131 3977; x_wconf 92' lang='lat' dir='ltr'>surdum</span> <span class='ocrx_word' id='word_1_324' title='bbox 1161 3934 1194 3976; x_wconf 89' lang='lat' dir='ltr'>se</span> <span class='ocrx_word' id='word_1_325' title='bbox 1225 3934 1291 3976; x_wconf 88' lang='lat' dir='ltr'>esse</span> <span class='ocrx_word' id='word_1_326' title='bbox 1319 3915 1493 3994; x_wconf 90' lang='lat' dir='ltr'>praedicans</span> 
     </span>
     <span class='ocr_line' id='line_1_37' title="bbox 313 4013 1493 4096; baseline -0.003 -19"><span class='ocrx_word' id='word_1_327' title='bbox 313 4016 450 4079; x_wconf 91' lang='lat' dir='ltr'>lenonem</span> <span class='ocrx_word' id='word_1_328' title='bbox 487 4024 517 4076; x_wconf 90' lang='lat' dir='ltr'>et</span> <span class='ocrx_word' id='word_1_329' title='bbox 553 4017 645 4077; x_wconf 88' lang='lat' dir='ltr'>liliam</span> <span class='ocrx_word' id='word_1_330' title='bbox 682 4016 718 4077; x_wconf 90' lang='lat' dir='ltr'>ad</span> <span class='ocrx_word' id='word_1_331' title='bbox 754 4024 923 4096; x_wconf 90' lang='lat' dir='ltr'>praetorem</span> <span class='ocrx_word' id='word_1_332' title='bbox 960 4017 1045 4094; x_wconf 86' lang='lat' dir='ltr'>sequi</span> <span class='ocrx_word' id='word_1_333' title='bbox 1082 4013 1178 4093; x_wconf 90' lang='lat' dir='ltr'>iubet,</span> <span class='ocrx_word' id='word_1_334' title='bbox 1216 4033 1273 4093; x_wconf 86' lang='lat' dir='ltr'>qua</span> <span class='ocrx_word' id='word_1_335' title='bbox 1305 4033 1338 4074; x_wconf 91' lang='lat' dir='ltr'>re</span> <span class='ocrx_word' id='word_1_336' title='bbox 1372 4020 1493 4092; x_wconf 92' lang='lat' dir='ltr'>quartus</span> 
     </span>
     <span class='ocr_line' id='line_1_38' title="bbox 314 4111 1493 4195; baseline -0.005 -19"><span class='ocrx_word' id='word_1_337' title='bbox 314 4123 397 4176; x_wconf 89' lang='lat' dir='ltr'>actus</span> <span class='ocrx_word' id='word_1_338' title='bbox 425 4115 536 4175; x_wconf 87' lang='lat' dir='ltr'>linitur.</span> <span class='ocrx_word' id='word_1_339' title='bbox 581 4115 616 4175; x_wconf 94' lang='lat' dir='ltr'>ln</span> <span class='ocrx_word' id='word_1_340' title='bbox 645 4114 778 4195; x_wconf 89' lang='lat' dir='ltr'>exemplo</span> <span class='ocrx_word' id='word_1_341' title='bbox 803 4113 916 4174; x_wconf 90' lang='lat' dir='ltr'>Graeco</span> <span class='ocrx_word' id='word_1_342' title='bbox 944 4121 1043 4174; x_wconf 87' lang='lat' dir='ltr'>autem</span> <span class='ocrx_word' id='word_1_343' title='bbox 1072 4121 1102 4173; x_wconf 89' lang='lat' dir='ltr'>et</span> <span class='ocrx_word' id='word_1_344' title='bbox 1132 4111 1209 4193; x_wconf 95' lang='lat' dir='ltr'>apud</span> <span class='ocrx_word' id='word_1_345' title='bbox 1237 4111 1373 4172; x_wconf 90' lang='lat' dir='ltr'>Plautum</span> <span class='ocrx_word' id='word_1_346' title='bbox 1396 4114 1493 4190; x_wconf 90' lang='lat' dir='ltr'>ipsum</span> 
     </span>
     <span class='ocr_line' id='line_1_39' title="bbox 313 4209 1493 4293; baseline -0.004 -20"><span class='ocrx_word' id='word_1_347' title='bbox 313 4219 385 4292; x_wconf 85' lang='lat' dir='ltr'>puto</span> <span class='ocrx_word' id='word_1_348' title='bbox 419 4211 606 4273; x_wconf 88' lang='lat' dir='ltr'>Saturionem</span> <span class='ocrx_word' id='word_1_349' title='bbox 644 4215 740 4293; x_wconf 92' lang='lat' dir='ltr'>primo</span> <span class='ocrx_word' id='word_1_350' title='bbox 776 4212 898 4292; x_wconf 90' lang='lat' dir='ltr'>quidem</span> <span class='ocrx_word' id='word_1_351' title='bbox 934 4213 1088 4290; x_wconf 84' lang='lat' dir='ltr'>negavisse</span> <span class='ocrx_word' id='word_1_352' title='bbox 1126 4229 1158 4271; x_wconf 90' lang='lat' dir='ltr'>se</span> <span class='ocrx_word' id='word_1_353' title='bbox 1196 4213 1354 4290; x_wconf 89' lang='lat' dir='ltr'>quicquam</span> <span class='ocrx_word' id='word_1_354' title='bbox 1391 4209 1493 4269; x_wconf 89' lang='lat' dir='ltr'>audire</span> 
     </span>
     <span class='ocr_line' id='line_1_40' title="bbox 314 4308 1494 4390; baseline -0.003 -21"><span class='ocrx_word' id='word_1_355' title='bbox 314 4308 401 4388; x_wconf 89' lang='lat' dir='ltr'>velle,</span> <span class='ocrx_word' id='word_1_356' title='bbox 430 4317 494 4370; x_wconf 90' lang='lat' dir='ltr'>turn</span> <span class='ocrx_word' id='word_1_357' title='bbox 522 4317 634 4390; x_wconf 88' lang='lat' dir='ltr'>autem,</span> <span class='ocrx_word' id='word_1_358' title='bbox 667 4313 746 4372; x_wconf 89' lang='lat' dir='ltr'>cum</span> <span class='ocrx_word' id='word_1_359' title='bbox 763 4330 817 4371; x_wconf 92' lang='lat' dir='ltr'>vox</span> <span class='ocrx_word' id='word_1_360' title='bbox 847 4312 963 4390; x_wconf 84' lang='lat' dir='ltr'>argenti</span> <span class='ocrx_word' id='word_1_361' title='bbox 990 4329 1078 4371; x_wconf 91' lang='lat' dir='ltr'>aures</span> <span class='ocrx_word' id='word_1_362' title='bbox 1102 4311 1167 4370; x_wconf 90' lang='lat' dir='ltr'>eius</span> <span class='ocrx_word' id='word_1_363' title='bbox 1191 4310 1334 4386; x_wconf 83' lang='lat' dir='ltr'>attigerit,</span> <span class='ocrx_word' id='word_1_364' title='bbox 1363 4309 1494 4367; x_wconf 90' lang='lat' dir='ltr'>animum</span> 
     </span>
     <span class='ocr_line' id='line_1_41' title="bbox 314 4407 1494 4488; baseline -0.003 -21"><span class='ocrx_word' id='word_1_365' title='bbox 314 4407 485 4486; x_wconf 89' lang='lat' dir='ltr'>attendisse,</span> <span class='ocrx_word' id='word_1_366' title='bbox 509 4416 539 4469; x_wconf 90' lang='lat' dir='ltr'>et</span> <span class='ocrx_word' id='word_1_367' title='bbox 556 4409 609 4470; x_wconf 89' lang='lat' dir='ltr'>ubi</span> <span class='ocrx_word' id='word_1_368' title='bbox 627 4409 694 4470; x_wconf 93' lang='lat' dir='ltr'>leno</span> <span class='ocrx_word' id='word_1_369' title='bbox 713 4427 854 4488; x_wconf 82' lang='lat' dir='ltr'>magnum</span> <span class='ocrx_word' id='word_1_370' title='bbox 872 4410 1003 4488; x_wconf 90' lang='lat' dir='ltr'>pretium</span> <span class='ocrx_word' id='word_1_371' title='bbox 1022 4408 1134 4469; x_wconf 90' lang='lat' dir='ltr'>silentii</span> <span class='ocrx_word' id='word_1_372' title='bbox 1153 4409 1182 4467; x_wconf 91' lang='lat' dir='ltr'>ei</span> <span class='ocrx_word' id='word_1_373' title='bbox 1200 4408 1380 4486; x_wconf 90' lang='lat' dir='ltr'>promiserit,</span> <span class='ocrx_word' id='word_1_374' title='bbox 1402 4407 1494 4464; x_wconf 84' lang='lat' dir='ltr'>avari-</span> 
     </span>
     <span class='ocr_line' id='line_1_42' title="bbox 314 4503 1493 4587; baseline -0.003 -22"><span class='ocrx_word' id='word_1_375' title='bbox 314 4507 372 4566; x_wconf 83' lang='lat' dir='ltr'>tiae</span> <span class='ocrx_word' id='word_1_376' title='bbox 397 4504 508 4568; x_wconf 90' lang='lat' dir='ltr'>diutius</span> <span class='ocrx_word' id='word_1_377' title='bbox 532 4526 591 4568; x_wconf 92' lang='lat' dir='ltr'>non</span> <span class='ocrx_word' id='word_1_378' title='bbox 615 4509 770 4587; x_wconf 91' lang='lat' dir='ltr'>restitisse,</span> <span class='ocrx_word' id='word_1_379' title='bbox 795 4507 923 4587; x_wconf 87' lang='lat' dir='ltr'>denique</span> <span class='ocrx_word' id='word_1_380' title='bbox 947 4525 1015 4568; x_wconf 92' lang='lat' dir='ltr'>cum</span> <span class='ocrx_word' id='word_1_381' title='bbox 1034 4509 1063 4567; x_wconf 92' lang='lat' dir='ltr'>ei</span> <span class='ocrx_word' id='word_1_382' title='bbox 1081 4508 1206 4584; x_wconf 92' lang='lat' dir='ltr'>iusuper</span> <span class='ocrx_word' id='word_1_383' title='bbox 1224 4503 1387 4581; x_wconf 86' lang='lat' dir='ltr'>cavendum</span> <span class='ocrx_word' id='word_1_384' title='bbox 1406 4509 1493 4581; x_wconf 83' lang='lat' dir='ltr'>esset,</span> 
     </span>
    </p>
   </div>
   <div class='ocr_carea' id='block_1_3' title="bbox 0 0 1650 5192">
    <p class='ocr_par' dir='ltr' id='par_1_4' title="bbox 0 0 1650 5192">
     <span class='ocr_line' id='line_1_43' title="bbox 0 0 1650 5192; baseline 0 0"><span class='ocrx_word' id='word_1_385' title='bbox 0 0 1650 5192; x_wconf 95' lang='lat' dir='ltr'> </span> 
     </span>
    </p>
   </div>
  </div>
 </body>
</html>
