3275 5192
617 383 858 447 -173-

145 571 206 630 nisi
237 567 316 648 quod
345 569 376 628 in
407 587 433 628 v.
456 563 521 628 467
555 568 634 627 inter
662 565 752 626 verba
779 573 942 642 conspectu
971 573 1000 625 et
1032 572 1101 626 tace
1131 561 1199 640 „ct“
1229 565 1325 624 inser·

146 676 211 730 tum
239 673 298 745 est,
327 665 406 746 quod
430 667 461 725 in
488 684 515 724 v.
537 661 598 726 727
624 681 727 724 omnes
750 663 870 724 codices
903 665 966 724 sine
995 665 1090 742 spatio
1120 657 1323 745 omiserunt.¹)

145 765 332 844 Quamquam
367 765 433 825 lieri
465 765 574 844 potuit,
611 771 644 824 ut
671 761 792 823 Plautus
828 764 892 841 ipse
927 761 1132 841 neglegentiae
1167 760 1325 839 indulgens

146 863 207 924 duo
230 881 334 925 versus
365 863 402 924 ad
431 861 521 923 verba
551 868 709 940 repeteret,
732 868 831 920 umen
861 878 911 920 res
940 861 1016 921 mira
1047 867 1105 938 est,
1136 867 1166 920 et
1195 860 1325 938 suspicio

146 967 286 1040 augetur,
315 979 384 1022 cum
412 960 485 1021 aliae
515 959 703 1021 difficultates
734 958 885 1019 accedant.
931 960 1026 1038 Atque
1051 959 1181 1038 primum
1205 956 1325 1037 quidem

147 1077 267 1120 versum
293 1055 358 1120 730
381 1061 478 1134 (tunc,
502 1060 626 1135 quondo
650 1060 756 1119 attero
779 1090 824 1098 -
847 1056 906 1117 Sat.
934 1057 1014 1128 (toto
1038 1060 1141 1119 taces?
1162 1060 1227 1118 scio
1252 1057 1328 1132 quta

148 1160 237 1232 uelis)
267 1156 347 1218 solus
370 1157 394 1216 Α
418 1156 546 1231 exhibet,
570 1174 658 1235 quem
681 1172 801 1216 versum
825 1172 860 1215 ea
882 1162 996 1215 tantum
1020 1153 1056 1215 de
1075 1173 1164 1214 causa
1187 1153 1326 1215 hocloco

147 1255 187 1317 ab
211 1255 422 1335 interpolatore
445 1257 591 1315 insertum
615 1271 690 1332 esse,
713 1260 747 1314 ut
771 1251 849 1331 quod
872 1254 904 1312 in
923 1251 1167 1313 antecedentibus
1190 1251 1326 1312 versibus

146 1362 304 1434 peccatum
329 1362 408 1415 esset
432 1355 601 1430 sarciretur,
626 1350 732 1412 Goetz
756 1353 822 1411 iure
844 1353 978 1411 coniecit.
1024 1350 1100 1411 Tum
1123 1367 1227 1411 versus
1253 1346 1325 1410 731.

153 1449 218 1513 732
238 1470 344 1513 scenae
364 1459 491 1530 octavae,
514 1457 721 1530 praeterquam
742 1448 821 1528 quod
834 1448 958 1509 verbum
977 1444 1172 1528 ‘praecidere'
1192 1448 1249 1508 boc
1267 1466 1327 1508 uno

147 1550 215 1610 loco
238 1548 315 1628 apud
338 1547 474 1608 Plautum
503 1554 611 1626 exstat,
634 1549 792 1626 perspicue
817 1548 948 1625 speciem
972 1548 1106 1608 centonis
1134 1564 1205 1626 prae
1230 1565 1261 1607 se
1285 1547 1328 1606 le·

149 1654 232 1709 runt.
269 1646 350 1706 Leno
374 1647 452 1706 enim
473 1645 559 1706 domo
579 1663 718 1724 egressus
738 1644 853 1706 duobus
871 1644 1008 1706 versibus
1026 1644 1178 1724 praedicat
1197 1663 1229 1705 se
1249 1643 1329 1704 domi

148 1762 256 1806 omnes
275 1744 458 1823 verberasse,
482 1745 551 1822 quia
575 1743 707 1823 supellex
727 1753 756 1805 et
775 1743 864 1804 aedes
883 1743 1062 1823 squalerent.
1099 1742 1213 1814 Quibus
1236 1745 1328 1802 versi·

148 1843 208 1903 bus
237 1844 277 1920 is,
308 1844 360 1922 qui
390 1843 568 1921 composuit,
598 1839 751 1920 probabile
782 1840 908 1902 reddere
936 1841 1065 1920 videtur,
1096 1860 1151 1902 cur
1180 1841 1247 1902 leno
1278 1839 1329 1901 do·

147 1960 233 2002 mum
257 1940 372 2019 abierit,
396 1940 448 2001 sed
472 1940 545 2000 adeo
568 1939 742 2018 imperfecte
767 1947 797 1999 et
819 1957 923 2000 manca
947 1941 1060 2000 ratione
1083 1941 1186 2018 utitur,
1211 1947 1245 2000 ut
1268 1956 1329 1999 me·

148 2038 211 2099 lius
234 2039 367 2117 lecisset,
396 2040 422 2098 si
445 2038 519 2098 nihil
543 2037 675 2098 dixisset.
721 2036 744 2095 Α
767 2036 902 2098 Plautina
925 2036 1046 2116 quidem
1074 2045 1137 2098 arte
1160 2045 1220 2098 tam
1244 2037 1329 2098 rudia

148 2145 181 2197 et
209 2137 316 2198 inscita
343 2135 430 2216 plane
454 2135 623 2197 abhorrent.
675 2135 709 2195 ln
733 2137 870 2213 sequenti
893 2153 1011 2214 quoque
1034 2153 1122 2196 versu
1146 2136 1290 2195 transitus
1313 2155 1331 2194 a

148 2234 271 2295 Dordali
294 2235 393 2296 verbis
417 2235 453 2295 ad
476 2233 571 2295 Toxili
595 2235 684 2293 nimis
715 2232 858 2311 abruptus
882 2239 912 2292 et
935 2231 1019 2292 rudis
1043 2240 1097 2293 est.
1143 2233 1265 2294 Toxilus
1289 2232 1329 2294 le·

148 2351 261 2394 nonem
282 2335 457 2411 interrogat:
481 2335 565 2394 redte
589 2340 620 2393 tu
645 2334 786 2392 tandem?
814 2337 845 2390 et
866 2330 916 2390 hic
939 2329 1111 2410 respondet:
1135 2333 1244 2392 redeo:
1266 2338 1330 2391 tum

150 2430 252 2493 subito
275 2431 409 2492 Toxilus:
440 2433 486 2492 Ne
509 2448 565 2506 ego
588 2432 679 2491 bodie
703 2431 759 2491 tibi
782 2431 862 2489 bona
885 2429 1073 2506 mollescet,
1097 2428 1132 2490 ad
1157 2428 1235 2508 quod
1257 2428 1329 2489 Dor·

151 2529 239 2590 delus
266 2531 294 2590 ei
322 2532 431 2590 iterum
459 2531 568 2608 gratias
597 2529 665 2607 agit.
711 2526 789 2605 Ergo
817 2544 922 2587 rursus
950 2526 1074 2588 eandem
1102 2546 1166 2588 rem
1194 2534 1330 2605 tractant,

150 2647 243 2708 quam
265 2630 439 2708 priusquam
469 2627 535 2689 leno
564 2626 684 2687 domum
708 2625 792 2704 abiit,
823 2624 873 2685 illo
901 2633 1016 2687 tantum
1044 2625 1215 2688 discrimine
1239 2628 1331 2686 inter·

151 2727 264 2806 posito,
292 2725 371 2805 quod
394 2728 494 2805 priore
518 2725 583 2785 loco
607 2743 623 2785 e
648 2741 784 2784 sermone
808 2725 957 2802 sequitur,
984 2730 1018 2784 ut
1045 2723 1112 2784 leno
1136 2723 1238 2785 Toxilo
1266 2743 1331 2803 gra·

153 2827 214 2884 tias
238 2832 312 2904 agat,
336 2825 428 2885 altero
452 2823 517 2884 loco
541 2830 639 2884 autem
661 2821 735 2882 haec
758 2839 807 2882 res
831 2823 974 2882 arcessita
997 2828 1051 2882 est.

246 2922 302 2983 Tot
331 2920 547 3002 discrepantiis,
572 2939 645 2999 quas
668 2922 776 2999 partim
799 2921 859 2979 iam
884 2918 933 2979 alii
963 2928 1030 2980 ante
1054 2938 1115 2998 me,
1145 2922 1253 2999 partim
1277 2939 1331 2998 ego

153 3020 348 3099 ostendimus,
371 3021 510 3081 commoti
528 3020 586 3078 viri
606 3018 685 3078 docti
703 3020 834 3078 animum
852 3017 1042 3096 induxerunt,
1062 3025 1095 3077 ut
1113 3016 1169 3076 hoc
1187 3017 1251 3077 loco
1269 3035 1331 3077 ma·

153 3137 230 3198 gnas
250 3119 371 3179 lacunas
391 3116 561 3180 statuendas
581 3123 728 3196 putarent,
752 3134 821 3176 cum
839 3115 942 3175 Plauto
961 3122 1072 3175 tantam
1091 3117 1240 3175 inscitiam
1259 3117 1332 3177 artis

154 3218 293 3278 scenicae
312 3219 360 3276 vix
384 3218 531 3295 imputare
555 3214 707 3276 auderent.
754 3212 900 3274 Goetzio
925 3211 1045 3292 quidem
1064 3215 1212 3292 posterior
1234 3215 1332 3292 quarti

154 3322 241 3375 actus
267 3334 337 3394 pars
365 3317 424 3375 iam
447 3312 516 3375 inde
545 3333 560 3374 a
585 3315 687 3393 quinta
711 3330 800 3372 scena
826 3329 922 3389 usque
951 3309 987 3370 ad
1014 3311 1104 3372 finem
1132 3312 1333 3389 suspicionem

154 3403 301 3493 moveri),
333 3417 367 3470 ut
399 3409 435 3470 de
463 3410 625 3470 maioribus
653 3409 768 3470 lacunis
796 3410 913 3487 cogitet.
969 3407 1131 3487 Ladewig
1158 3428 1275 3487 quoque
1301 3411 1333 3468 in

250 3619 276 3686 1)
295 3616 386 3682 Quem
404 3616 553 3671 lectionem
573 3617 659 3671 editio
679 3615 849 3671 Schoellii
867 3616 997 3686 praebet,
1018 3617 1067 3684 qui
1089 3619 1154 3686 poet
1173 3624 1230 3672 tace
1248 3618 1336 3672 inter¹¹

155 3696 271 3766 punxit,
294 3697 387 3750 minus
406 3697 551 3767 probanda
571 3699 626 3765 eet,
650 3715 712 3752 cum
733 3696 845 3752 Saturio
868 3697 981 3751 turbam
1004 3697 1092 3751 faciet
1110 3714 1166 3752 non
1185 3698 1234 3752 ubi
1253 3698 1335 3752 Toxi-

157 3777 218 3830 lum
238 3795 301 3832 cum
319 3777 420 3832 lenone
439 3777 561 3845 colloqui
575 3778 660 3843 videt,
680 3777 809 3830 sedtum
829 3778 950 3846 demum,
970 3794 1033 3831 cum
1051 3776 1101 3832 ille
1119 3777 1199 3832 abiit.
1236 3779 1335 3846 Itaque

156 3857 314 3926 Isendijlx
336 3853 401 3927 ¹post
423 3865 565 3928 conspectu
588 3857 763 3926 interpunxit
794 3859 824 3910 et
846 3863 903 3911 tace
927 3875 991 3911 cum
1014 3857 1143 3926 sequenti
1166 3874 1246 3912 versu
1270 3874 1335 3912 con-

157 3937 259 3991 iunxit.
296 3936 357 4002 Qua
380 3939 490 3993 ratione
513 3955 683 4006 quamquam
707 3953 803 3991 sensus
828 3937 989 4007 corrigitur,
1013 3940 1108 3991 temen
1126 3937 1266 4004 quomodo
1285 3937 1335 3990 ille

157 4034 254 4071 versus
277 4017 308 4070 in
326 4017 401 4072 hunc
422 4018 515 4073 locum
534 4018 690 4087 irrepserit,
709 4034 766 4071 non
784 4017 942 4086 explicatur
959 4033 1051 4086 neque
1069 4016 1196 4084 reliquae
1215 4017 1335 4071 difficul-

158 4099 234 4152 tates
252 4098 399 4152 tolluntur.

249 4182 275 4248 2)
296 4177 376 4242 Quod
399 4179 435 4232 ad
459 4179 622 4248 septimam,
646 4182 787 4246 octavam,
810 4194 914 4232 nonam
938 4195 1051 4233 scenam
1070 4179 1186 4245 attinet,
1205 4177 1290 4246 plane
1309 4178 1336 4232 ei

158 4257 299 4311 assentior
318 4257 521 4327 discrepantias
541 4263 570 4314 et
588 4259 710 4329 ineptiae
729 4259 873 4314 statuenti.
912 4259 967 4314 Sed
986 4259 1061 4327 quod
1080 4259 1208 4326 quintam
1227 4259 1256 4311 et
1274 4275 1336 4312 sex-

158 4339 220 4391 tum
239 4355 350 4406 quoque
373 4355 485 4394 scenam
508 4339 690 4411 neglegenter
713 4339 881 4408 compositus
905 4356 965 4394 esse
983 4339 1067 4406 dicit,
1085 4338 1179 4394 facere
1197 4354 1254 4391 non
1271 4355 1337 4406 pos-

160 4434 232 4485 sum,
250 4421 283 4473 ut
301 4419 361 4472 eius
380 4420 549 4474 sententiam
563 4435 671 4488 sequar,
690 4437 754 4474 cum
767 4418 845 4473 hisce
859 4419 890 4472 in
903 4419 994 4473 scenis
1008 4435 1045 4473 ne
1058 4418 1206 4472 minimum
1220 4419 1336 4486 quidem

158 4495 284 4552 invenire
302 4499 451 4568 potuerim,
470 4500 545 4568 quod
564 4499 712 4555 offensioni
726 4499 771 4554 eit
807 4499 851 4554 Ne
865 4499 936 4553 illud
952 4499 1066 4567 quidem
1079 4497 1199 4567 probare
1212 4516 1336 4567 possum,
