<?xml version="1.0" encoding="UTF-8"?>
<!DOCTYPE html PUBLIC "-//W3C//DTD XHTML 1.0 Transitional//EN"
    "http://www.w3.org/TR/xhtml1/DTD/xhtml1-transitional.dtd">
<html xmlns="http://www.w3.org/1999/xhtml" xml:lang="en" lang="en">
 <head>
  <title>
</title>
<meta http-equiv="Content-Type" content="text/html;charset=utf-8" />
  <meta name='ocr-system' content='tesseract 3.04.00' />
  <meta name='ocr-capabilities' content='ocr_page ocr_carea ocr_par ocr_line ocrx_word'/>
</head>
<body>
  <div class='ocr_page' id='page_1' title='image "./deplautipersa00meyegoog_0009.png"; bbox 0 0 3275 5192; ppageno 0'>
   <div class='ocr_carea' id='block_1_1' title="bbox 663 358 906 460">
    <p class='ocr_par' dir='ltr' id='par_1_1' title="bbox 663 358 906 460">
     <span class='ocr_line' id='line_1_1' title="bbox 663 358 906 460; baseline 0 -1"><span class='ocrx_word' id='word_1_1' title='bbox 663 358 906 460; x_wconf 76' lang='lat'>-149-</span> 
     </span>
    </p>
   </div>
   <div class='ocr_carea' id='block_1_2' title="bbox 195 576 1381 4576">
    <p class='ocr_par' dir='ltr' id='par_1_2' title="bbox 195 576 1377 2106">
     <span class='ocr_line' id='line_1_2' title="bbox 195 576 1373 657; baseline 0.004 -23"><span class='ocrx_word' id='word_1_2' title='bbox 195 576 304 635; x_wconf 92' lang='lat' dir='ltr'><strong>mentis</strong></span> <span class='ocrx_word' id='word_1_3' title='bbox 328 593 382 636; x_wconf 89' lang='lat' dir='ltr'><strong>usa</strong></span> <span class='ocrx_word' id='word_1_4' title='bbox 406 576 496 636; x_wconf 92' lang='lat' dir='ltr'><strong>etiam</strong></span> <span class='ocrx_word' id='word_1_5' title='bbox 520 577 619 654; x_wconf 91' lang='lat' dir='ltr'><strong>specie</strong></span> <span class='ocrx_word' id='word_1_6' title='bbox 642 578 744 638; x_wconf 90' lang='lat' dir='ltr'><strong>venire</strong></span> <span class='ocrx_word' id='word_1_7' title='bbox 768 584 900 638; x_wconf 80' lang='lat' dir='ltr'><strong>recusat:</strong></span> <span class='ocrx_word' id='word_1_8' title='bbox 930 596 990 638; x_wconf 92' lang='lat' dir='ltr'><strong>non</strong></span> <span class='ocrx_word' id='word_1_9' title='bbox 1014 576 1121 639; x_wconf 89' lang='lat' dir='ltr'><strong>decere</strong></span> <span class='ocrx_word' id='word_1_10' title='bbox 1143 586 1258 657; x_wconf 88' lang='lat' dir='ltr'><strong>patrem</strong></span> <span class='ocrx_word' id='word_1_11' title='bbox 1281 578 1373 640; x_wconf 87' lang='lat' dir='ltr'><strong>liliam</strong></span> 
     </span>
     <span class='ocr_line' id='line_1_3' title="bbox 195 674 1373 756; baseline 0.005 -24"><span class='ocrx_word' id='word_1_12' title='bbox 195 674 307 733; x_wconf 87' lang='lat' dir='ltr'><strong>ventris</strong></span> <span class='ocrx_word' id='word_1_13' title='bbox 343 691 432 734; x_wconf 91' lang='lat' dir='ltr'><strong>causa</strong></span> <span class='ocrx_word' id='word_1_14' title='bbox 464 674 592 735; x_wconf 90' lang='lat' dir='ltr'><strong>vendere</strong></span> <span class='ocrx_word' id='word_1_15' title='bbox 623 683 673 735; x_wconf 91' lang='lat' dir='ltr'><strong>aut</strong></span> <span class='ocrx_word' id='word_1_16' title='bbox 707 692 772 735; x_wconf 89' lang='lat' dir='ltr'><strong>eam</strong></span> <span class='ocrx_word' id='word_1_17' title='bbox 799 693 854 754; x_wconf 95' lang='lat' dir='ltr'><strong>pro</strong></span> <span class='ocrx_word' id='word_1_18' title='bbox 883 675 988 737; x_wconf 90' lang='lat' dir='ltr'><strong>ancilla</strong></span> <span class='ocrx_word' id='word_1_19' title='bbox 1015 675 1138 756; x_wconf 91' lang='lat' dir='ltr'><strong>habere,</strong></span> <span class='ocrx_word' id='word_1_20' title='bbox 1166 675 1273 737; x_wconf 90' lang='lat' dir='ltr'><strong>melius</strong></span> <span class='ocrx_word' id='word_1_21' title='bbox 1305 695 1373 738; x_wconf 91' lang='lat' dir='ltr'><strong>esse</strong></span> 
     </span>
     <span class='ocr_line' id='line_1_4' title="bbox 197 770 1374 852; baseline 0.004 -23"><span class='ocrx_word' id='word_1_22' title='bbox 197 772 287 841; x_wconf 79' lang='lat' dir='ltr'><strong>vitam</strong></span> <span class='ocrx_word' id='word_1_23' title='bbox 310 770 444 833; x_wconf 90' lang='lat' dir='ltr'><strong>modeste</strong></span> <span class='ocrx_word' id='word_1_24' title='bbox 474 773 582 851; x_wconf 82' lang='lat' dir='ltr'>degere</span> <span class='ocrx_word' id='word_1_25' title='bbox 611 791 699 852; x_wconf 90' lang='lat' dir='ltr'><strong>quarn</strong></span> <span class='ocrx_word' id='word_1_26' title='bbox 727 791 795 834; x_wconf 94' lang='lat' dir='ltr'><strong>cum</strong></span> <span class='ocrx_word' id='word_1_27' title='bbox 819 774 1119 836; x_wconf 77' lang='lat' dir='ltr'><strong>infamiaz&#39;inimicos</strong></span> <span class='ocrx_word' id='word_1_28' title='bbox 1141 782 1291 835; x_wconf 81' lang='lat' dir='ltr'>vereatur:</span> <span class='ocrx_word' id='word_1_29' title='bbox 1319 773 1374 834; x_wconf 86' lang='lat' dir='ltr'><strong>bos</strong></span> 
     </span>
     <span class='ocr_line' id='line_1_5' title="bbox 197 869 1373 951; baseline 0.003 -23"><span class='ocrx_word' id='word_1_30' title='bbox 197 871 277 929; x_wconf 91' lang='lat' dir='ltr'><strong>enim</strong></span> <span class='ocrx_word' id='word_1_31' title='bbox 292 869 399 930; x_wconf 87' lang='lat' dir='ltr'><strong>famam</strong></span> <span class='ocrx_word' id='word_1_32' title='bbox 414 888 474 930; x_wconf 89' lang='lat' dir='ltr'><strong>non</strong></span> <span class='ocrx_word' id='word_1_33' title='bbox 488 872 538 950; x_wconf 89' lang='lat' dir='ltr'><strong>ita,</strong></span> <span class='ocrx_word' id='word_1_34' title='bbox 557 878 592 932; x_wconf 91' lang='lat' dir='ltr'><strong>ut</strong></span> <span class='ocrx_word' id='word_1_35' title='bbox 605 877 672 931; x_wconf 90' lang='lat' dir='ltr'><strong>nata</strong></span> <span class='ocrx_word' id='word_1_36' title='bbox 687 871 734 949; x_wconf 88' lang='lat' dir='ltr'><strong>sit,</strong></span> <span class='ocrx_word' id='word_1_37' title='bbox 753 869 865 932; x_wconf 90' lang='lat' dir='ltr'><strong>laturos</strong></span> <span class='ocrx_word' id='word_1_38' title='bbox 885 880 960 951; x_wconf 81' lang='lat' dir='ltr'><strong>csse,</strong></span> <span class='ocrx_word' id='word_1_39' title='bbox 974 874 993 933; x_wconf 89' lang='lat' dir='ltr'><strong>i.</strong></span> <span class='ocrx_word' id='word_1_40' title='bbox 1009 890 1034 933; x_wconf 88' lang='lat' dir='ltr'><strong>e.</strong></span> <span class='ocrx_word' id='word_1_41' title='bbox 1053 874 1080 932; x_wconf 89' lang='lat' dir='ltr'><strong>si</strong></span> <span class='ocrx_word' id='word_1_42' title='bbox 1098 871 1264 933; x_wconf 75' lang='lat' dir='ltr'><strong>audiverint</strong></span> <span class='ocrx_word' id='word_1_43' title='bbox 1277 873 1373 951; x_wconf 82' lang='lat' dir='ltr'>ipsam</span> 
     </span>
     <span class='ocr_line' id='line_1_6' title="bbox 196 968 1373 1048; baseline 0.002 -21"><span class='ocrx_word' id='word_1_44' title='bbox 196 969 296 1046; x_wconf 91' lang='lat' dir='ltr'><strong>specie</strong></span> <span class='ocrx_word' id='word_1_45' title='bbox 323 970 454 1047; x_wconf 90' lang='lat' dir='ltr'><strong>venisse,</strong></span> <span class='ocrx_word' id='word_1_46' title='bbox 483 971 622 1030; x_wconf 91' lang='lat' dir='ltr'><strong>continuo</strong></span> <span class='ocrx_word' id='word_1_47' title='bbox 651 969 759 1029; x_wconf 84' lang='lat' dir='ltr'><strong>lamam</strong></span> <span class='ocrx_word' id='word_1_48' title='bbox 786 968 957 1048; x_wconf 91' lang='lat' dir='ltr'><strong>vulgaturos</strong></span> <span class='ocrx_word' id='word_1_49' title='bbox 985 988 1051 1030; x_wconf 93' lang='lat' dir='ltr'><strong>esse</strong></span> <span class='ocrx_word' id='word_1_50' title='bbox 1080 988 1112 1030; x_wconf 92' lang='lat' dir='ltr'><strong>se</strong></span> <span class='ocrx_word' id='word_1_51' title='bbox 1138 988 1171 1031; x_wconf 94' lang='lat' dir='ltr'><strong>re</strong></span> <span class='ocrx_word' id='word_1_52' title='bbox 1194 988 1265 1031; x_wconf 85' lang='lat' dir='ltr'><strong>vera</strong></span> <span class='ocrx_word' id='word_1_53' title='bbox 1288 971 1373 1048; x_wconf 80' lang='lat' dir='ltr'>quasi</span> 
     </span>
     <span class='ocr_line' id='line_1_7' title="bbox 197 1066 1374 1147; baseline 0.001 -21"><span class='ocrx_word' id='word_1_54' title='bbox 197 1083 311 1126; x_wconf 88' lang='lat' dir='ltr'><strong>servam</strong></span> <span class='ocrx_word' id='word_1_55' title='bbox 341 1068 469 1128; x_wconf 85' lang='lat' dir='ltr'><strong>venisse.</strong></span> <span class='ocrx_word' id='word_1_56' title='bbox 515 1066 576 1128; x_wconf 90' lang='lat' dir='ltr'><strong>Nec</strong></span> <span class='ocrx_word' id='word_1_57' title='bbox 607 1067 724 1128; x_wconf 91' lang='lat' dir='ltr'><strong>desistit</strong></span> <span class='ocrx_word' id='word_1_58' title='bbox 753 1068 837 1146; x_wconf 91' lang='lat' dir='ltr'><strong>virgo</strong></span> <span class='ocrx_word' id='word_1_59' title='bbox 859 1070 953 1146; x_wconf 88' lang='lat' dir='ltr'><strong>patris</strong></span> <span class='ocrx_word' id='word_1_60' title='bbox 979 1070 1153 1147; x_wconf 71' lang='lat' dir='ltr'>pravitatem</span> <span class='ocrx_word' id='word_1_61' title='bbox 1180 1067 1374 1147; x_wconf 84' lang='lat' dir='ltr'><strong>lepidissimis</strong></span> 
     </span>
     <span class='ocr_line' id='line_1_8' title="bbox 195 1163 1373 1244; baseline 0.003 -21"><span class='ocrx_word' id='word_1_62' title='bbox 195 1163 295 1224; x_wconf 90' lang='lat' dir='ltr'><strong>verbis</strong></span> <span class='ocrx_word' id='word_1_63' title='bbox 318 1163 436 1243; x_wconf 83' lang='lat' dir='ltr'><strong>oblique</strong></span> <span class='ocrx_word' id='word_1_64' title='bbox 459 1167 673 1244; x_wconf 88' lang='lat' dir='ltr'><strong>perstringere,</strong></span> <span class='ocrx_word' id='word_1_65' title='bbox 700 1164 793 1226; x_wconf 91' lang='lat' dir='ltr'><strong>donee</strong></span> <span class='ocrx_word' id='word_1_66' title='bbox 811 1173 935 1244; x_wconf 88' lang='lat' dir='ltr'><strong>paterna</strong></span> <span class='ocrx_word' id='word_1_67' title='bbox 954 1167 1112 1227; x_wconf 89' lang='lat' dir='ltr'><strong>auctoritas</strong></span> <span class='ocrx_word' id='word_1_68' title='bbox 1130 1167 1222 1226; x_wconf 79' lang='lat' dir='ltr'><strong>uincit</strong></span> <span class='ocrx_word' id='word_1_69' title='bbox 1241 1174 1271 1226; x_wconf 89' lang='lat' dir='ltr'><strong>et</strong></span> <span class='ocrx_word' id='word_1_70' title='bbox 1288 1184 1373 1244; x_wconf 90' lang='lat' dir='ltr'><strong>para·</strong></span> 
     </span>
     <span class='ocr_line' id='line_1_9' title="bbox 196 1262 1373 1342; baseline 0.002 -21"><span class='ocrx_word' id='word_1_71' title='bbox 196 1263 273 1322; x_wconf 91' lang='lat' dir='ltr'><strong>situs</strong></span> <span class='ocrx_word' id='word_1_72' title='bbox 300 1264 434 1340; x_wconf 89' lang='lat' dir='ltr'><strong>praecise</strong></span> <span class='ocrx_word' id='word_1_73' title='bbox 463 1263 563 1324; x_wconf 89' lang='lat' dir='ltr'><strong>etilia</strong></span> <span class='ocrx_word' id='word_1_74' title='bbox 591 1265 720 1342; x_wconf 92' lang='lat' dir='ltr'><strong>quaerit,</strong></span> <span class='ocrx_word' id='word_1_75' title='bbox 747 1265 865 1342; x_wconf 81' lang='lat' dir='ltr'><strong>patriae</strong></span> <span class='ocrx_word' id='word_1_76' title='bbox 893 1262 1053 1325; x_wconf 91' lang='lat' dir='ltr'><strong>oboediens</strong></span> <span class='ocrx_word' id='word_1_77' title='bbox 1081 1264 1180 1325; x_wconf 82' lang='lat' dir='ltr'><strong>lutura</strong></span> <span class='ocrx_word' id='word_1_78' title='bbox 1208 1265 1247 1325; x_wconf 91' lang='lat' dir='ltr'><strong>sit</strong></span> <span class='ocrx_word' id='word_1_79' title='bbox 1269 1281 1373 1324; x_wconf 91' lang='lat' dir='ltr'><strong>necne.</strong></span> 
     </span>
     <span class='ocr_line' id='line_1_10' title="bbox 195 1358 1373 1441; baseline 0.001 -21"><span class='ocrx_word' id='word_1_80' title='bbox 195 1358 355 1439; x_wconf 91' lang='lat' dir='ltr'><strong>Postquam</strong></span> <span class='ocrx_word' id='word_1_81' title='bbox 378 1362 461 1439; x_wconf 90' lang='lat' dir='ltr'><strong>virgo</strong></span> <span class='ocrx_word' id='word_1_82' title='bbox 489 1380 521 1422; x_wconf 91' lang='lat' dir='ltr'><strong>se</strong></span> <span class='ocrx_word' id='word_1_83' title='bbox 551 1369 581 1422; x_wconf 91' lang='lat' dir='ltr'><strong>et</strong></span> <span class='ocrx_word' id='word_1_84' title='bbox 607 1360 813 1422; x_wconf 75' lang='lat' dir='ltr'><strong>oboedientem</strong></span> <span class='ocrx_word' id='word_1_85' title='bbox 845 1362 907 1422; x_wconf 89' lang='lat' dir='ltr'><strong>iore</strong></span> <span class='ocrx_word' id='word_1_86' title='bbox 936 1371 965 1422; x_wconf 91' lang='lat' dir='ltr'><strong>et</strong></span> <span class='ocrx_word' id='word_1_87' title='bbox 992 1363 1125 1423; x_wconf 93' lang='lat' dir='ltr'><strong>omnium</strong></span> <span class='ocrx_word' id='word_1_88' title='bbox 1150 1380 1226 1441; x_wconf 92' lang='lat' dir='ltr'><strong>quae</strong></span> <span class='ocrx_word' id='word_1_89' title='bbox 1249 1363 1281 1422; x_wconf 92' lang='lat' dir='ltr'><strong>in</strong></span> <span class='ocrx_word' id='word_1_90' title='bbox 1303 1379 1373 1423; x_wconf 88' lang='lat' dir='ltr'><strong>ven·</strong></span> 
     </span>
     <span class='ocr_line' id='line_1_11' title="bbox 197 1457 1374 1539; baseline -0.001 -19"><span class='ocrx_word' id='word_1_91' title='bbox 197 1457 293 1520; x_wconf 92' lang='lat' dir='ltr'><strong>dendo</strong></span> <span class='ocrx_word' id='word_1_92' title='bbox 324 1457 382 1518; x_wconf 93' lang='lat' dir='ltr'><strong>sibi</strong></span> <span class='ocrx_word' id='word_1_93' title='bbox 410 1458 557 1539; x_wconf 89' lang='lat' dir='ltr'><strong>loquenda</strong></span> <span class='ocrx_word' id='word_1_94' title='bbox 587 1467 689 1520; x_wconf 90' lang='lat' dir='ltr'><strong>essent</strong></span> <span class='ocrx_word' id='word_1_95' title='bbox 717 1461 890 1520; x_wconf 88' lang='lat' dir='ltr'><strong>meminisse</strong></span> <span class='ocrx_word' id='word_1_96' title='bbox 915 1459 1084 1539; x_wconf 86' lang='lat' dir='ltr'><strong>affirmavit,</strong></span> <span class='ocrx_word' id='word_1_97' title='bbox 1113 1478 1192 1521; x_wconf 86' lang='lat' dir='ltr'><strong>unns</strong></span> <span class='ocrx_word' id='word_1_98' title='bbox 1215 1458 1374 1538; x_wconf 87' lang='lat' dir='ltr'><strong>serupulus</strong></span> 
     </span>
     <span class='ocr_line' id='line_1_12' title="bbox 196 1554 1375 1638; baseline 0.002 -22"><span class='ocrx_word' id='word_1_99' title='bbox 196 1558 225 1616; x_wconf 91' lang='lat' dir='ltr'><strong>ei</strong></span> <span class='ocrx_word' id='word_1_100' title='bbox 248 1554 366 1616; x_wconf 85' lang='lat' dir='ltr'><strong>incidit:</strong></span> <span class='ocrx_word' id='word_1_101' title='bbox 398 1566 499 1617; x_wconf 87' lang='lat' dir='ltr'><strong>caveat</strong></span> <span class='ocrx_word' id='word_1_102' title='bbox 527 1565 626 1636; x_wconf 90' lang='lat' dir='ltr'><strong>pater,</strong></span> <span class='ocrx_word' id='word_1_103' title='bbox 657 1559 682 1617; x_wconf 94' lang='lat' dir='ltr'><strong>si</strong></span> <span class='ocrx_word' id='word_1_104' title='bbox 710 1556 827 1636; x_wconf 91' lang='lat' dir='ltr'><strong>quando</strong></span> <span class='ocrx_word' id='word_1_105' title='bbox 855 1556 946 1619; x_wconf 88' lang='lat' dir='ltr'><strong>filiam</strong></span> <span class='ocrx_word' id='word_1_106' title='bbox 969 1557 1067 1619; x_wconf 90' lang='lat' dir='ltr'><strong>locare</strong></span> <span class='ocrx_word' id='word_1_107' title='bbox 1091 1558 1174 1638; x_wconf 90' lang='lat' dir='ltr'><strong>velit,</strong></span> <span class='ocrx_word' id='word_1_108' title='bbox 1204 1576 1242 1619; x_wconf 89' lang='lat' dir='ltr'><strong>ne</strong></span> <span class='ocrx_word' id='word_1_109' title='bbox 1265 1575 1375 1638; x_wconf 91' lang='lat' dir='ltr'><strong>procus</strong></span> 
     </span>
     <span class='ocr_line' id='line_1_13' title="bbox 196 1652 1374 1736; baseline 0.002 -23"><span class='ocrx_word' id='word_1_110' title='bbox 196 1653 246 1714; x_wconf 90' lang='lat' dir='ltr'><strong>illa</strong></span> <span class='ocrx_word' id='word_1_111' title='bbox 270 1652 371 1714; x_wconf 93' lang='lat' dir='ltr'><strong>odiosa</strong></span> <span class='ocrx_word' id='word_1_112' title='bbox 394 1673 428 1715; x_wconf 91' lang='lat' dir='ltr'><strong>re</strong></span> <span class='ocrx_word' id='word_1_113' title='bbox 452 1654 626 1716; x_wconf 79' lang='lat' dir='ltr'><strong>offendatur.</strong></span> <span class='ocrx_word' id='word_1_114' title='bbox 672 1654 715 1716; x_wconf 92' lang='lat' dir='ltr'><strong>Ne</strong></span> <span class='ocrx_word' id='word_1_115' title='bbox 739 1654 813 1716; x_wconf 90' lang='lat' dir='ltr'><strong>baec</strong></span> <span class='ocrx_word' id='word_1_116' title='bbox 839 1654 959 1735; x_wconf 91' lang='lat' dir='ltr'><strong>quidem</strong></span> <span class='ocrx_word' id='word_1_117' title='bbox 983 1656 1134 1717; x_wconf 88' lang='lat' dir='ltr'><strong>altercatio</strong></span> <span class='ocrx_word' id='word_1_118' title='bbox 1155 1657 1320 1736; x_wconf 81' lang='lat' dir='ltr'><strong>parasitum</strong></span> <span class='ocrx_word' id='word_1_119' title='bbox 1343 1657 1374 1715; x_wconf 90' lang='lat' dir='ltr'><strong>in</strong></span> 
     </span>
     <span class='ocr_line' id='line_1_14' title="bbox 196 1750 1374 1834; baseline 0.001 -23"><span class='ocrx_word' id='word_1_120' title='bbox 196 1753 348 1830; x_wconf 82' lang='lat' dir='ltr'><strong>angustias</strong></span> <span class='ocrx_word' id='word_1_121' title='bbox 372 1750 504 1814; x_wconf 88' lang='lat' dir='ltr'><strong>adducit:</strong></span> <span class='ocrx_word' id='word_1_122' title='bbox 529 1752 644 1815; x_wconf 90' lang='lat' dir='ltr'><strong>dotatae</strong></span> <span class='ocrx_word' id='word_1_123' title='bbox 667 1754 775 1832; x_wconf 89' lang='lat' dir='ltr'><strong>virgini</strong></span> <span class='ocrx_word' id='word_1_124' title='bbox 799 1752 874 1813; x_wconf 92' lang='lat' dir='ltr'><strong>nihil</strong></span> <span class='ocrx_word' id='word_1_125' title='bbox 897 1755 969 1814; x_wconf 90' lang='lat' dir='ltr'><strong>vitio</strong></span> <span class='ocrx_word' id='word_1_126' title='bbox 989 1755 1064 1816; x_wconf 83' lang='lat' dir='ltr'><strong>verti</strong></span> <span class='ocrx_word' id='word_1_127' title='bbox 1086 1773 1178 1834; x_wconf 92' lang='lat' dir='ltr'><strong>seque</strong></span> <span class='ocrx_word' id='word_1_128' title='bbox 1202 1754 1280 1815; x_wconf 83' lang='lat' dir='ltr'><strong>tiliae</strong></span> <span class='ocrx_word' id='word_1_129' title='bbox 1303 1771 1374 1814; x_wconf 89' lang='lat' dir='ltr'><strong>suae</strong></span> 
     </span>
     <span class='ocr_line' id='line_1_15' title="bbox 197 1849 1376 1930; baseline 0.001 -21"><span class='ocrx_word' id='word_1_130' title='bbox 197 1857 349 1910; x_wconf 92' lang='lat' dir='ltr'><strong>sescentos</strong></span> <span class='ocrx_word' id='word_1_131' title='bbox 372 1849 455 1928; x_wconf 89' lang='lat' dir='ltr'><strong>logos</strong></span> <span class='ocrx_word' id='word_1_132' title='bbox 473 1849 586 1911; x_wconf 79' lang='lat' dir='ltr'><strong>Atticos</strong></span> <span class='ocrx_word' id='word_1_133' title='bbox 611 1849 748 1912; x_wconf 91' lang='lat' dir='ltr'><strong>daturum</strong></span> <span class='ocrx_word' id='word_1_134' title='bbox 772 1868 848 1929; x_wconf 91' lang='lat' dir='ltr'><strong>esse,</strong></span> <span class='ocrx_word' id='word_1_135' title='bbox 872 1869 930 1930; x_wconf 91' lang='lat' dir='ltr'><strong>qua</strong></span> <span class='ocrx_word' id='word_1_136' title='bbox 954 1850 1021 1912; x_wconf 91' lang='lat' dir='ltr'><strong>dote</strong></span> <span class='ocrx_word' id='word_1_137' title='bbox 1040 1851 1087 1912; x_wconf 89' lang='lat' dir='ltr'><strong>vcl</strong></span> <span class='ocrx_word' id='word_1_138' title='bbox 1105 1851 1242 1913; x_wconf 89' lang='lat' dir='ltr'><strong>mendico</strong></span> <span class='ocrx_word' id='word_1_139' title='bbox 1260 1850 1376 1912; x_wconf 89' lang='lat' dir='ltr'><strong>nubere</strong></span> 
     </span>
     <span class='ocr_line' id='line_1_16' title="bbox 196 1946 1377 2029; baseline 0.001 -21"><span class='ocrx_word' id='word_1_140' title='bbox 196 1949 299 2026; x_wconf 88' lang='lat' dir='ltr'><strong>possit</strong></span> <span class='ocrx_word' id='word_1_141' title='bbox 337 1946 413 2009; x_wconf 85' lang='lat' dir='ltr'><strong>Tum</strong></span> <span class='ocrx_word' id='word_1_142' title='bbox 438 1947 557 2010; x_wconf 91' lang='lat' dir='ltr'><strong>demum</strong></span> <span class='ocrx_word' id='word_1_143' title='bbox 576 1951 659 2027; x_wconf 88' lang='lat' dir='ltr'><strong>virgo</strong></span> <span class='ocrx_word' id='word_1_144' title='bbox 682 1950 760 2028; x_wconf 90' lang='lat' dir='ltr'><strong>patri</strong></span> <span class='ocrx_word' id='word_1_145' title='bbox 781 1948 957 2028; x_wconf 85' lang='lat' dir='ltr'><strong>obsequitur</strong></span> <span class='ocrx_word' id='word_1_146' title='bbox 975 1950 1095 2029; x_wconf 79' lang='lat' dir='ltr'><strong>latoque</strong></span> <span class='ocrx_word' id='word_1_147' title='bbox 1113 1949 1277 2011; x_wconf 89' lang='lat' dir='ltr'><strong>inevitabili</strong></span> <span class='ocrx_word' id='word_1_148' title='bbox 1296 1947 1377 2010; x_wconf 92' lang='lat' dir='ltr'><strong>cedit</strong></span> 
     </span>
     <span class='ocr_line' id='line_1_17' title="bbox 198 2045 477 2106; baseline 0.004 -1"><span class='ocrx_word' id='word_1_149' title='bbox 198 2055 227 2106; x_wconf 92' lang='lat' dir='ltr'><strong>et</strong></span> <span class='ocrx_word' id='word_1_150' title='bbox 250 2045 335 2106; x_wconf 92' lang='lat' dir='ltr'><strong>ambo</strong></span> <span class='ocrx_word' id='word_1_151' title='bbox 360 2045 477 2106; x_wconf 88' lang='lat' dir='ltr'><strong>abeunt.</strong></span> 
     </span>
    </p>

    <p class='ocr_par' dir='ltr' id='par_1_3' title="bbox 199 2141 1376 2518">
     <span class='ocr_line' id='line_1_18' title="bbox 286 2141 1375 2224; baseline 0.002 -21"><span class='ocrx_word' id='word_1_152' title='bbox 286 2141 369 2204; x_wconf 79' lang='lat'>1112.</span> <span class='ocrx_word' id='word_1_153' title='bbox 406 2143 583 2206; x_wconf 87' lang='lat' dir='ltr'><strong>Dordalus</strong></span> <span class='ocrx_word' id='word_1_154' title='bbox 613 2144 680 2204; x_wconf 91' lang='lat' dir='ltr'><strong>leno</strong></span> <span class='ocrx_word' id='word_1_155' title='bbox 708 2161 888 2223; x_wconf 91' lang='lat' dir='ltr'><strong>progressus</strong></span> <span class='ocrx_word' id='word_1_156' title='bbox 916 2163 1018 2206; x_wconf 87' lang='lat' dir='ltr'><strong>secum</strong></span> <span class='ocrx_word' id='word_1_157' title='bbox 1041 2146 1186 2224; x_wconf 89' lang='lat' dir='ltr'><strong>loquitur:</strong></span> <span class='ocrx_word' id='word_1_158' title='bbox 1216 2163 1284 2206; x_wconf 91' lang='lat' dir='ltr'><strong>eum</strong></span> <span class='ocrx_word' id='word_1_159' title='bbox 1309 2162 1375 2206; x_wconf 90' lang='lat' dir='ltr'><strong>esse</strong></span> 
     </span>
     <span class='ocr_line' id='line_1_19' title="bbox 199 2240 1375 2323; baseline 0.001 -21"><span class='ocrx_word' id='word_1_160' title='bbox 199 2242 290 2317; x_wconf 91' lang='lat' dir='ltr'><strong>diem,</strong></span> <span class='ocrx_word' id='word_1_161' title='bbox 314 2259 372 2321; x_wconf 90' lang='lat' dir='ltr'><strong>quo</strong></span> <span class='ocrx_word' id='word_1_162' title='bbox 397 2240 518 2303; x_wconf 82' lang='lat' dir='ltr'><strong>Toxilus</strong></span> <span class='ocrx_word' id='word_1_163' title='bbox 549 2260 581 2302; x_wconf 91' lang='lat' dir='ltr'><strong>se</strong></span> <span class='ocrx_word' id='word_1_164' title='bbox 610 2244 668 2321; x_wconf 89' lang='lat' dir='ltr'><strong>ipsi</strong></span> <span class='ocrx_word' id='word_1_165' title='bbox 696 2248 852 2320; x_wconf 91' lang='lat' dir='ltr'><strong>argentum</strong></span> <span class='ocrx_word' id='word_1_166' title='bbox 876 2242 1043 2304; x_wconf 87' lang='lat' dir='ltr'><strong>soluturum</strong></span> <span class='ocrx_word' id='word_1_167' title='bbox 1066 2261 1131 2303; x_wconf 91' lang='lat' dir='ltr'><strong>esse</strong></span> <span class='ocrx_word' id='word_1_168' title='bbox 1155 2245 1310 2323; x_wconf 81' lang='lat' dir='ltr'><strong>iuraverit3</strong></span> <span class='ocrx_word' id='word_1_169' title='bbox 1343 2260 1375 2303; x_wconf 90' lang='lat' dir='ltr'><strong>se</strong></span> 
     </span>
     <span class='ocr_line' id='line_1_20' title="bbox 199 2338 1376 2420; baseline -0.001 -20"><span class='ocrx_word' id='word_1_170' title='bbox 199 2342 410 2419; x_wconf 79' lang='lat' dir='ltr'><strong>concupiscere</strong></span> <span class='ocrx_word' id='word_1_171' title='bbox 435 2341 522 2419; x_wconf 88' lang='lat' dir='ltr'><strong>scire,</strong></span> <span class='ocrx_word' id='word_1_172' title='bbox 546 2338 617 2420; x_wconf 90' lang='lat' dir='ltr'><strong>quid</strong></span> <span class='ocrx_word' id='word_1_173' title='bbox 641 2339 690 2400; x_wconf 90' lang='lat' dir='ltr'><strong>iile</strong></span> <span class='ocrx_word' id='word_1_174' title='bbox 715 2339 847 2400; x_wconf 81' lang='lat' dir='ltr'><strong>facturus</strong></span> <span class='ocrx_word' id='word_1_175' title='bbox 866 2341 913 2401; x_wconf 87' lang='lat' dir='ltr'><strong>sit.</strong></span> <span class='ocrx_word' id='word_1_176' title='bbox 958 2339 1035 2400; x_wconf 88' lang='lat' dir='ltr'><strong>Dum</strong></span> <span class='ocrx_word' id='word_1_177' title='bbox 1058 2342 1132 2402; x_wconf 91' lang='lat' dir='ltr'><strong>haec</strong></span> <span class='ocrx_word' id='word_1_178' title='bbox 1155 2343 1253 2402; x_wconf 93' lang='lat' dir='ltr'><strong>animo</strong></span> <span class='ocrx_word' id='word_1_179' title='bbox 1279 2341 1376 2401; x_wconf 90' lang='lat' dir='ltr'><strong>consi·</strong></span> 
     </span>
     <span class='ocr_line' id='line_1_21' title="bbox 199 2437 577 2518; baseline 0 -20"><span class='ocrx_word' id='word_1_180' title='bbox 199 2437 290 2517; x_wconf 88' lang='lat' dir='ltr'><strong>derat,</strong></span> <span class='ocrx_word' id='word_1_181' title='bbox 314 2438 386 2498; x_wconf 83' lang='lat' dir='ltr'><strong>ioris</strong></span> <span class='ocrx_word' id='word_1_182' title='bbox 410 2445 577 2518; x_wconf 86' lang='lat' dir='ltr'><strong>concrepat</strong></span> 
     </span>
    </p>

    <p class='ocr_par' dir='ltr' id='par_1_4' title="bbox 198 2531 1377 3186">
     <span class='ocr_line' id='line_1_22' title="bbox 286 2531 1376 2616; baseline 0 -20"><span class='ocrx_word' id='word_1_183' title='bbox 286 2531 370 2596; x_wconf 86' lang='lat'>1113.</span> <span class='ocrx_word' id='word_1_184' title='bbox 408 2534 555 2597; x_wconf 84' lang='lat' dir='ltr'><strong>Toxilus</strong></span> <span class='ocrx_word' id='word_1_185' title='bbox 589 2537 654 2616; x_wconf 92' lang='lat' dir='ltr'><strong>ipse</strong></span> <span class='ocrx_word' id='word_1_186' title='bbox 687 2536 847 2614; x_wconf 91' lang='lat' dir='ltr'><strong>egreditur.</strong></span> <span class='ocrx_word' id='word_1_187' title='bbox 903 2535 1091 2598; x_wconf 84' lang='lat' dir='ltr'><strong>Gravissimis</strong></span> <span class='ocrx_word' id='word_1_188' title='bbox 1128 2545 1158 2598; x_wconf 92' lang='lat' dir='ltr'><strong>et</strong></span> <span class='ocrx_word' id='word_1_189' title='bbox 1192 2537 1376 2615; x_wconf 89' lang='lat' dir='ltr'><strong>turpissimis</strong></span> 
     </span>
     <span class='ocr_line' id='line_1_23' title="bbox 199 2634 1376 2714; baseline 0 -20"><span class='ocrx_word' id='word_1_190' title='bbox 199 2635 341 2694; x_wconf 84' lang='lat' dir='ltr'><strong>conviciis</strong></span> <span class='ocrx_word' id='word_1_191' title='bbox 364 2635 396 2694; x_wconf 92' lang='lat' dir='ltr'><strong>in</strong></span> <span class='ocrx_word' id='word_1_192' title='bbox 420 2634 587 2694; x_wconf 91' lang='lat' dir='ltr'><strong>lenonem</strong></span> <span class='ocrx_word' id='word_1_193' title='bbox 609 2634 767 2714; x_wconf 90' lang='lat' dir='ltr'><strong>invehitur,</strong></span> <span class='ocrx_word' id='word_1_194' title='bbox 791 2637 844 2714; x_wconf 92' lang='lat' dir='ltr'><strong>qui</strong></span> <span class='ocrx_word' id='word_1_195' title='bbox 860 2652 915 2714; x_wconf 94' lang='lat' dir='ltr'><strong>pro</strong></span> <span class='ocrx_word' id='word_1_196' title='bbox 940 2654 993 2697; x_wconf 89' lang='lat' dir='ltr'><strong>sua</strong></span> <span class='ocrx_word' id='word_1_197' title='bbox 1011 2644 1095 2714; x_wconf 91' lang='lat' dir='ltr'><strong>parte</strong></span> <span class='ocrx_word' id='word_1_198' title='bbox 1119 2654 1135 2696; x_wconf 93' lang='lat' dir='ltr'><strong>a</strong></span> <span class='ocrx_word' id='word_1_199' title='bbox 1158 2646 1301 2714; x_wconf 88' lang='lat' dir='ltr'><strong>responso</strong></span> <span class='ocrx_word' id='word_1_200' title='bbox 1320 2635 1376 2695; x_wconf 92' lang='lat' dir='ltr'><strong>mi·</strong></span> 
     </span>
     <span class='ocr_line' id='line_1_24' title="bbox 198 2729 1377 2812; baseline -0.002 -19"><span class='ocrx_word' id='word_1_201' title='bbox 198 2734 278 2793; x_wconf 91' lang='lat' dir='ltr'><strong>nime</strong></span> <span class='ocrx_word' id='word_1_202' title='bbox 309 2729 447 2792; x_wconf 88' lang='lat' dir='ltr'><strong>laborans</strong></span> <span class='ocrx_word' id='word_1_203' title='bbox 478 2733 610 2795; x_wconf 90' lang='lat' dir='ltr'><strong>convicia</strong></span> <span class='ocrx_word' id='word_1_204' title='bbox 642 2734 783 2793; x_wconf 84' lang='lat' dir='ltr'><strong>conviciis</strong></span> <span class='ocrx_word' id='word_1_205' title='bbox 813 2733 959 2812; x_wconf 88' lang='lat' dir='ltr'><strong>rependit.</strong></span> <span class='ocrx_word' id='word_1_206' title='bbox 1009 2733 1085 2794; x_wconf 88' lang='lat' dir='ltr'><strong>Tum</strong></span> <span class='ocrx_word' id='word_1_207' title='bbox 1108 2733 1229 2794; x_wconf 83' lang='lat' dir='ltr'><strong>Toxilus</strong></span> <span class='ocrx_word' id='word_1_208' title='bbox 1259 2732 1377 2793; x_wconf 92' lang='lat' dir='ltr'><strong>lenonis</strong></span> 
     </span>
     <span class='ocr_line' id='line_1_25' title="bbox 199 2829 1377 2913; baseline -0.001 -22"><span class='ocrx_word' id='word_1_209' title='bbox 199 2833 296 2892; x_wconf 90' lang='lat' dir='ltr'><strong>animo</strong></span> <span class='ocrx_word' id='word_1_210' title='bbox 321 2829 379 2891; x_wconf 89' lang='lat' dir='ltr'><strong>sibi</strong></span> <span class='ocrx_word' id='word_1_211' title='bbox 402 2829 602 2909; x_wconf 91' lang='lat' dir='ltr'><strong>reconciliato,</strong></span> <span class='ocrx_word' id='word_1_212' title='bbox 627 2849 694 2891; x_wconf 93' lang='lat' dir='ltr'><strong>cum</strong></span> <span class='ocrx_word' id='word_1_213' title='bbox 719 2849 753 2891; x_wconf 93' lang='lat' dir='ltr'><strong>ea</strong></span> <span class='ocrx_word' id='word_1_214' title='bbox 777 2831 839 2892; x_wconf 89' lang='lat' dir='ltr'><strong>sola</strong></span> <span class='ocrx_word' id='word_1_215' title='bbox 859 2851 947 2893; x_wconf 91' lang='lat' dir='ltr'><strong>causa</strong></span> <span class='ocrx_word' id='word_1_216' title='bbox 971 2835 999 2894; x_wconf 91' lang='lat' dir='ltr'><strong>ei</strong></span> <span class='ocrx_word' id='word_1_217' title='bbox 1021 2835 1115 2894; x_wconf 93' lang='lat' dir='ltr'><strong>iratus</strong></span> <span class='ocrx_word' id='word_1_218' title='bbox 1135 2833 1235 2913; x_wconf 85' lang='lat' dir='ltr'><strong>luerit,</strong></span> <span class='ocrx_word' id='word_1_219' title='bbox 1258 2832 1327 2911; x_wconf 90' lang='lat' dir='ltr'><strong>quia</strong></span> <span class='ocrx_word' id='word_1_220' title='bbox 1350 2832 1377 2891; x_wconf 88' lang='lat' dir='ltr'><strong>is</strong></span> 
     </span>
     <span class='ocr_line' id='line_1_26' title="bbox 199 2927 1376 3009; baseline -0.002 -20"><span class='ocrx_word' id='word_1_221' title='bbox 199 2935 355 3007; x_wconf 91' lang='lat' dir='ltr'><strong>argentum</strong></span> <span class='ocrx_word' id='word_1_222' title='bbox 380 2927 438 2988; x_wconf 93' lang='lat' dir='ltr'><strong>sibi</strong></span> <span class='ocrx_word' id='word_1_223' title='bbox 461 2928 585 2990; x_wconf 88' lang='lat' dir='ltr'><strong>credere</strong></span> <span class='ocrx_word' id='word_1_224' title='bbox 609 2931 627 2988; x_wconf 91' lang='lat' dir='ltr'><strong>i.</strong></span> <span class='ocrx_word' id='word_1_225' title='bbox 648 2947 672 2990; x_wconf 93' lang='lat' dir='ltr'><strong>e.</strong></span> <span class='ocrx_word' id='word_1_226' title='bbox 693 2931 817 2989; x_wconf 92' lang='lat' dir='ltr'><strong>amicam</strong></span> <span class='ocrx_word' id='word_1_227' title='bbox 835 2931 895 2990; x_wconf 91' lang='lat' dir='ltr'><strong>nisi</strong></span> <span class='ocrx_word' id='word_1_228' title='bbox 917 2933 1068 3008; x_wconf 90' lang='lat' dir='ltr'><strong>praesenti</strong></span> <span class='ocrx_word' id='word_1_229' title='bbox 1087 2939 1209 3009; x_wconf 90' lang='lat' dir='ltr'><strong>argento</strong></span> <span class='ocrx_word' id='word_1_230' title='bbox 1232 2928 1291 2989; x_wconf 89' lang='lat' dir='ltr'><strong>sibi</strong></span> <span class='ocrx_word' id='word_1_231' title='bbox 1309 2946 1376 3007; x_wconf 90' lang='lat' dir='ltr'><strong>per·</strong></span> 
     </span>
     <span class='ocr_line' id='line_1_27' title="bbox 199 3025 1377 3106; baseline -0.001 -19"><span class='ocrx_word' id='word_1_232' title='bbox 199 3028 318 3087; x_wconf 87' lang='lat' dir='ltr'><strong>mittere</strong></span> <span class='ocrx_word' id='word_1_233' title='bbox 342 3025 484 3106; x_wconf 88' lang='lat' dir='ltr'><strong>noluerit,</strong></span> <span class='ocrx_word' id='word_1_234' title='bbox 512 3033 663 3087; x_wconf 89' lang='lat' dir='ltr'><strong>sescentos</strong></span> <span class='ocrx_word' id='word_1_235' title='bbox 691 3045 830 3088; x_wconf 92' lang='lat' dir='ltr'><strong>nummos</strong></span> <span class='ocrx_word' id='word_1_236' title='bbox 853 3030 881 3088; x_wconf 91' lang='lat' dir='ltr'><strong>ei</strong></span> <span class='ocrx_word' id='word_1_237' title='bbox 904 3026 994 3089; x_wconf 90' lang='lat' dir='ltr'><strong>tradit</strong></span> <span class='ocrx_word' id='word_1_238' title='bbox 1017 3036 1047 3088; x_wconf 87' lang='lat' dir='ltr'><strong>et</strong></span> <span class='ocrx_word' id='word_1_239' title='bbox 1070 3030 1170 3089; x_wconf 89' lang='lat' dir='ltr'><strong>statim</strong></span> <span class='ocrx_word' id='word_1_240' title='bbox 1194 3029 1318 3089; x_wconf 91' lang='lat' dir='ltr'><strong>amicam</strong></span> <span class='ocrx_word' id='word_1_241' title='bbox 1342 3027 1377 3087; x_wconf 92' lang='lat' dir='ltr'><strong>li-</strong></span> 
     </span>
     <span class='ocr_line' id='line_1_28' title="bbox 198 3123 674 3186; baseline 0.002 -2"><span class='ocrx_word' id='word_1_242' title='bbox 198 3124 299 3185; x_wconf 91' lang='lat' dir='ltr'><strong>berari</strong></span> <span class='ocrx_word' id='word_1_243' title='bbox 323 3123 411 3185; x_wconf 89' lang='lat' dir='ltr'><strong>etad</strong></span> <span class='ocrx_word' id='word_1_244' title='bbox 436 3143 467 3185; x_wconf 93' lang='lat' dir='ltr'><strong>se</strong></span> <span class='ocrx_word' id='word_1_245' title='bbox 492 3123 561 3186; x_wconf 90' lang='lat' dir='ltr'><strong>duci</strong></span> <span class='ocrx_word' id='word_1_246' title='bbox 583 3123 674 3185; x_wconf 88' lang='lat' dir='ltr'><strong>iubet.</strong></span> 
     </span>
    </p>

    <p class='ocr_par' dir='ltr' id='par_1_5' title="bbox 200 3219 1379 3596">
     <span class='ocr_line' id='line_1_29' title="bbox 288 3219 1379 3303; baseline 0.002 -21"><span class='ocrx_word' id='word_1_247' title='bbox 288 3221 325 3282; x_wconf 93' lang='lat' dir='ltr'><strong>lV</strong></span> <span class='ocrx_word' id='word_1_248' title='bbox 342 3219 369 3282; x_wconf 89' lang='lat' dir='ltr'><strong>l.</strong></span> <span class='ocrx_word' id='word_1_249' title='bbox 407 3221 557 3283; x_wconf 85' lang='lat' dir='ltr'><strong>Toxilus</strong></span> <span class='ocrx_word' id='word_1_250' title='bbox 581 3240 683 3282; x_wconf 92' lang='lat' dir='ltr'><strong>secum</strong></span> <span class='ocrx_word' id='word_1_251' title='bbox 706 3222 851 3303; x_wconf 90' lang='lat' dir='ltr'><strong>loquitur,</strong></span> <span class='ocrx_word' id='word_1_252' title='bbox 878 3231 912 3284; x_wconf 96' lang='lat' dir='ltr'><strong>ut</strong></span> <span class='ocrx_word' id='word_1_253' title='bbox 935 3242 1130 3303; x_wconf 90' lang='lat' dir='ltr'><strong>quaecunque</strong></span> <span class='ocrx_word' id='word_1_254' title='bbox 1153 3242 1202 3285; x_wconf 88' lang='lat' dir='ltr'><strong>res</strong></span> <span class='ocrx_word' id='word_1_255' title='bbox 1226 3223 1324 3284; x_wconf 93' lang='lat' dir='ltr'><strong>sobrie</strong></span> <span class='ocrx_word' id='word_1_256' title='bbox 1348 3232 1379 3284; x_wconf 92' lang='lat' dir='ltr'><strong>et</strong></span> 
     </span>
     <span class='ocr_line' id='line_1_30' title="bbox 200 3321 1377 3401; baseline 0.001 -21"><span class='ocrx_word' id='word_1_257' title='bbox 200 3327 337 3381; x_wconf 89' lang='lat' dir='ltr'><strong>accurate</strong></span> <span class='ocrx_word' id='word_1_258' title='bbox 365 3322 552 3399; x_wconf 86' lang='lat' dir='ltr'><strong>instituatur,</strong></span> <span class='ocrx_word' id='word_1_259' title='bbox 584 3339 618 3381; x_wconf 89' lang='lat' dir='ltr'><strong>ea</strong></span> <span class='ocrx_word' id='word_1_260' title='bbox 644 3338 787 3400; x_wconf 91' lang='lat' dir='ltr'><strong>prospere</strong></span> <span class='ocrx_word' id='word_1_261' title='bbox 816 3321 978 3383; x_wconf 90' lang='lat' dir='ltr'><strong>succedere</strong></span> <span class='ocrx_word' id='word_1_262' title='bbox 1006 3321 1111 3400; x_wconf 87' lang='lat' dir='ltr'><strong>soleat,</strong></span> <span class='ocrx_word' id='word_1_263' title='bbox 1140 3324 1180 3383; x_wconf 89' lang='lat' dir='ltr'><strong>ita</strong></span> <span class='ocrx_word' id='word_1_264' title='bbox 1203 3340 1236 3382; x_wconf 93' lang='lat' dir='ltr'><strong>se</strong></span> <span class='ocrx_word' id='word_1_265' title='bbox 1259 3338 1377 3401; x_wconf 90' lang='lat' dir='ltr'><strong>quoque</strong></span> 
     </span>
     <span class='ocr_line' id='line_1_31' title="bbox 201 3417 1377 3499; baseline 0 -21"><span class='ocrx_word' id='word_1_266' title='bbox 201 3417 350 3479; x_wconf 81' lang='lat' dir='ltr'><strong>confidere</strong></span> <span class='ocrx_word' id='word_1_267' title='bbox 380 3417 493 3498; x_wconf 92' lang='lat' dir='ltr'><strong>dolum,</strong></span> <span class='ocrx_word' id='word_1_268' title='bbox 522 3437 611 3499; x_wconf 91' lang='lat' dir='ltr'><strong>quem</strong></span> <span class='ocrx_word' id='word_1_269' title='bbox 635 3417 739 3479; x_wconf 90' lang='lat' dir='ltr'><strong>callide</strong></span> <span class='ocrx_word' id='word_1_270' title='bbox 763 3421 923 3499; x_wconf 87' lang='lat' dir='ltr'><strong>inceperit,</strong></span> <span class='ocrx_word' id='word_1_271' title='bbox 951 3419 1028 3480; x_wconf 91' lang='lat' dir='ltr'><strong>bene</strong></span> <span class='ocrx_word' id='word_1_272' title='bbox 1060 3427 1275 3498; x_wconf 88' lang='lat' dir='ltr'><strong>proventurum</strong></span> <span class='ocrx_word' id='word_1_273' title='bbox 1302 3436 1377 3479; x_wconf 90' lang='lat' dir='ltr'><strong>csse.</strong></span> 
     </span>
     <span class='ocr_line' id='line_1_32' title="bbox 200 3515 1231 3596; baseline 0.002 -20"><span class='ocrx_word' id='word_1_274' title='bbox 200 3515 275 3577; x_wconf 84' lang='lat' dir='ltr'><strong>Tum</strong></span> <span class='ocrx_word' id='word_1_275' title='bbox 300 3515 533 3594; x_wconf 90' lang='lat' dir='ltr'><strong>Sagaristionem</strong></span> <span class='ocrx_word' id='word_1_276' title='bbox 557 3517 636 3578; x_wconf 79' lang='lat' dir='ltr'><strong>toras</strong></span> <span class='ocrx_word' id='word_1_277' title='bbox 658 3524 744 3578; x_wconf 89' lang='lat' dir='ltr'><strong>vocat</strong></span> <span class='ocrx_word' id='word_1_278' title='bbox 766 3524 796 3578; x_wconf 93' lang='lat' dir='ltr'><strong>ct</strong></span> <span class='ocrx_word' id='word_1_279' title='bbox 817 3519 965 3596; x_wconf 84' lang='lat' dir='ltr'><strong>virginem</strong></span> <span class='ocrx_word' id='word_1_280' title='bbox 988 3517 1116 3579; x_wconf 90' lang='lat' dir='ltr'><strong>educere</strong></span> <span class='ocrx_word' id='word_1_281' title='bbox 1139 3517 1231 3579; x_wconf 78' lang='lat' dir='ltr'><strong>lubet.</strong></span> 
     </span>
    </p>

    <p class='ocr_par' dir='ltr' id='par_1_6' title="bbox 201 3611 1378 3890">
     <span class='ocr_line' id='line_1_33' title="bbox 289 3611 1378 3694; baseline 0.002 -22"><span class='ocrx_word' id='word_1_282' title='bbox 289 3613 325 3673; x_wconf 91' lang='lat' dir='ltr'><strong>IV</strong></span> <span class='ocrx_word' id='word_1_283' title='bbox 340 3611 369 3674; x_wconf 82' lang='lat'><strong>2.</strong></span> <span class='ocrx_word' id='word_1_284' title='bbox 409 3615 673 3693; x_wconf 83' lang='lat' dir='ltr'><strong>Sagaristionis</strong></span> <span class='ocrx_word' id='word_1_285' title='bbox 697 3623 728 3676; x_wconf 91' lang='lat' dir='ltr'><strong>et</strong></span> <span class='ocrx_word' id='word_1_286' title='bbox 748 3617 904 3694; x_wconf 90' lang='lat' dir='ltr'><strong>virginis</strong></span> <span class='ocrx_word' id='word_1_287' title='bbox 928 3623 1064 3677; x_wconf 91' lang='lat' dir='ltr'><strong>ornatum</strong></span> <span class='ocrx_word' id='word_1_288' title='bbox 1088 3618 1213 3677; x_wconf 88' lang='lat' dir='ltr'><strong>miratus</strong></span> <span class='ocrx_word' id='word_1_289' title='bbox 1236 3633 1287 3676; x_wconf 92' lang='lat' dir='ltr'><strong>eos</strong></span> <span class='ocrx_word' id='word_1_290' title='bbox 1309 3632 1378 3693; x_wconf 94' lang='lat' dir='ltr'><strong>pro·</strong></span> 
     </span>
     <span class='ocr_line' id='line_1_34' title="bbox 201 3710 1378 3793; baseline 0.001 -23"><span class='ocrx_word' id='word_1_291' title='bbox 201 3711 249 3771; x_wconf 93' lang='lat' dir='ltr'><strong>cul</strong></span> <span class='ocrx_word' id='word_1_292' title='bbox 268 3710 430 3774; x_wconf 88' lang='lat' dir='ltr'><strong>abscedere</strong></span> <span class='ocrx_word' id='word_1_293' title='bbox 445 3712 537 3793; x_wconf 85' lang='lat' dir='ltr'><strong>iubet,</strong></span> <span class='ocrx_word' id='word_1_294' title='bbox 560 3719 594 3774; x_wconf 93' lang='lat' dir='ltr'><strong>ut</strong></span> <span class='ocrx_word' id='word_1_295' title='bbox 612 3730 717 3773; x_wconf 90' lang='lat' dir='ltr'><strong>rursus</strong></span> <span class='ocrx_word' id='word_1_296' title='bbox 735 3711 974 3792; x_wconf 83' lang='lat' dir='ltr'><strong>progrediantur,</strong></span> <span class='ocrx_word' id='word_1_297' title='bbox 996 3712 1049 3774; x_wconf 91' lang='lat' dir='ltr'><strong>ubi</strong></span> <span class='ocrx_word' id='word_1_298' title='bbox 1067 3714 1166 3791; x_wconf 92' lang='lat' dir='ltr'><strong>ipsum</strong></span> <span class='ocrx_word' id='word_1_299' title='bbox 1185 3731 1253 3774; x_wconf 88' lang='lat' dir='ltr'><strong>cum</strong></span> <span class='ocrx_word' id='word_1_300' title='bbox 1272 3712 1378 3773; x_wconf 91' lang='lat' dir='ltr'><strong>lenone</strong></span> 
     </span>
     <span class='ocr_line' id='line_1_35' title="bbox 201 3807 569 3890; baseline 0.003 -21"><span class='ocrx_word' id='word_1_301' title='bbox 201 3807 417 3890; x_wconf 91' lang='lat' dir='ltr'><strong>colloquentem</strong></span> <span class='ocrx_word' id='word_1_302' title='bbox 441 3809 569 3872; x_wconf 89' lang='lat' dir='ltr'><strong>videant.</strong></span> 
     </span>
    </p>

    <p class='ocr_par' dir='ltr' id='par_1_7' title="bbox 201 3904 1381 4576">
     <span class='ocr_line' id='line_1_36' title="bbox 289 3904 1379 3987; baseline 0 -20"><span class='ocrx_word' id='word_1_303' title='bbox 289 3906 326 3967; x_wconf 91' lang='lat' dir='ltr'><strong>lV</strong></span> <span class='ocrx_word' id='word_1_304' title='bbox 349 3904 379 3968; x_wconf 84' lang='lat'><strong>3.</strong></span> <span class='ocrx_word' id='word_1_305' title='bbox 425 3907 601 3970; x_wconf 88' lang='lat' dir='ltr'><strong>Dordalus</strong></span> <span class='ocrx_word' id='word_1_306' title='bbox 633 3911 665 3968; x_wconf 93' lang='lat' dir='ltr'><strong>in</strong></span> <span class='ocrx_word' id='word_1_307' title='bbox 698 3926 818 3969; x_wconf 90' lang='lat' dir='ltr'><strong>scenam</strong></span> <span class='ocrx_word' id='word_1_308' title='bbox 849 3907 1040 3987; x_wconf 89' lang='lat' dir='ltr'><strong>pmgreditur</strong></span> <span class='ocrx_word' id='word_1_309' title='bbox 1071 3911 1112 3969; x_wconf 89' lang='lat' dir='ltr'><strong>ita</strong></span> <span class='ocrx_word' id='word_1_310' title='bbox 1144 3907 1254 3987; x_wconf 89' lang='lat' dir='ltr'><strong>gaudio</strong></span> <span class='ocrx_word' id='word_1_311' title='bbox 1285 3908 1379 3969; x_wconf 90' lang='lat' dir='ltr'><strong>elatus</strong></span> 
     </span>
     <span class='ocr_line' id='line_1_37' title="bbox 201 4003 1380 4085; baseline 0 -20"><span class='ocrx_word' id='word_1_312' title='bbox 201 4003 280 4083; x_wconf 95' lang='lat' dir='ltr'><strong>quod</strong></span> <span class='ocrx_word' id='word_1_313' title='bbox 304 4004 505 4067; x_wconf 90' lang='lat' dir='ltr'><strong>Lemniseleni</strong></span> <span class='ocrx_word' id='word_1_314' title='bbox 532 4005 682 4067; x_wconf 91' lang='lat' dir='ltr'><strong>venditata</strong></span> <span class='ocrx_word' id='word_1_315' title='bbox 709 4005 827 4067; x_wconf 90' lang='lat' dir='ltr'><strong>lucrum</strong></span> <span class='ocrx_word' id='word_1_316' title='bbox 850 4006 969 4085; x_wconf 86' lang='lat' dir='ltr'><strong>lecerit,</strong></span> <span class='ocrx_word' id='word_1_317' title='bbox 996 4013 1030 4067; x_wconf 88' lang='lat' dir='ltr'><strong>ut</strong></span> <span class='ocrx_word' id='word_1_318' title='bbox 1053 4024 1087 4066; x_wconf 92' lang='lat' dir='ltr'><strong>eo</strong></span> <span class='ocrx_word' id='word_1_319' title='bbox 1112 4007 1160 4067; x_wconf 94' lang='lat' dir='ltr'><strong>die</strong></span> <span class='ocrx_word' id='word_1_320' title='bbox 1188 4014 1218 4068; x_wconf 90' lang='lat' dir='ltr'><strong>et</strong></span> <span class='ocrx_word' id='word_1_321' title='bbox 1241 4005 1380 4068; x_wconf 90' lang='lat' dir='ltr'><strong>omuibus</strong></span> 
     </span>
     <span class='ocr_line' id='line_1_38' title="bbox 202 4101 1380 4184; baseline 0.001 -22"><span class='ocrx_word' id='word_1_322' title='bbox 202 4101 371 4183; x_wconf 86' lang='lat' dir='ltr'><strong>crediderit,</strong></span> <span class='ocrx_word' id='word_1_323' title='bbox 389 4106 409 4164; x_wconf 92' lang='lat' dir='ltr'><strong>i.</strong></span> <span class='ocrx_word' id='word_1_324' title='bbox 430 4123 454 4164; x_wconf 93' lang='lat' dir='ltr'><strong>e.</strong></span> <span class='ocrx_word' id='word_1_325' title='bbox 475 4104 591 4166; x_wconf 91' lang='lat' dir='ltr'><strong>anullo</strong></span> <span class='ocrx_word' id='word_1_326' title='bbox 611 4105 682 4164; x_wconf 88' lang='lat' dir='ltr'><strong>satis</strong></span> <span class='ocrx_word' id='word_1_327' title='bbox 701 4102 838 4165; x_wconf 90' lang='lat' dir='ltr'><strong>idoneam</strong></span> <span class='ocrx_word' id='word_1_328' title='bbox 858 4107 1026 4165; x_wconf 89' lang='lat' dir='ltr'><strong>cautionem</strong></span> <span class='ocrx_word' id='word_1_329' title='bbox 1044 4106 1186 4184; x_wconf 84' lang='lat' dir='ltr'><strong>exegerit,</strong></span> <span class='ocrx_word' id='word_1_330' title='bbox 1205 4112 1235 4165; x_wconf 91' lang='lat' dir='ltr'><strong>ct</strong></span> <span class='ocrx_word' id='word_1_331' title='bbox 1253 4103 1380 4165; x_wconf 84' lang='lat' dir='ltr'><strong>Toxilo</strong></span> 
     </span>
     <span class='ocr_line' id='line_1_39' title="bbox 201 4199 1379 4282; baseline 0.002 -23"><span class='ocrx_word' id='word_1_332' title='bbox 201 4199 365 4262; x_wconf 88' lang='lat' dir='ltr'><strong>identidem</strong></span> <span class='ocrx_word' id='word_1_333' title='bbox 393 4204 549 4282; x_wconf 91' lang='lat' dir='ltr'><strong>quaerenti</strong></span> <span class='ocrx_word' id='word_1_334' title='bbox 576 4203 633 4263; x_wconf 91' lang='lat' dir='ltr'><strong>hoo</strong></span> <span class='ocrx_word' id='word_1_335' title='bbox 660 4220 753 4263; x_wconf 92' lang='lat' dir='ltr'><strong>unum</strong></span> <span class='ocrx_word' id='word_1_336' title='bbox 777 4201 967 4281; x_wconf 91' lang='lat' dir='ltr'><strong>respondeat:</strong></span> <span class='ocrx_word' id='word_1_337' title='bbox 995 4205 1088 4264; x_wconf 86' lang='lat' dir='ltr'><strong>credo</strong></span> <span class='ocrx_word' id='word_1_338' title='bbox 1112 4205 1175 4264; x_wconf 81' lang='lat' dir='ltr'><strong>tibi.</strong></span> <span class='ocrx_word' id='word_1_339' title='bbox 1220 4201 1379 4280; x_wconf 92' lang='lat' dir='ltr'><strong>Postquam</strong></span> 
     </span>
     <span class='ocr_line' id='line_1_40' title="bbox 203 4297 1380 4378; baseline 0 -20"><span class='ocrx_word' id='word_1_340' title='bbox 203 4297 331 4378; x_wconf 91' lang='lat' dir='ltr'><strong>denique</strong></span> <span class='ocrx_word' id='word_1_341' title='bbox 356 4300 513 4362; x_wconf 83' lang='lat' dir='ltr'><strong>affirmavit</strong></span> <span class='ocrx_word' id='word_1_342' title='bbox 536 4299 775 4362; x_wconf 90' lang='lat' dir='ltr'><strong>Lemniselenem</strong></span> <span class='ocrx_word' id='word_1_343' title='bbox 801 4299 956 4361; x_wconf 90' lang='lat' dir='ltr'><strong>liberatam</strong></span> <span class='ocrx_word' id='word_1_344' title='bbox 983 4307 1013 4362; x_wconf 93' lang='lat' dir='ltr'><strong>et</strong></span> <span class='ocrx_word' id='word_1_345' title='bbox 1036 4304 1094 4361; x_wconf 93' lang='lat' dir='ltr'><strong>iam</strong></span> <span class='ocrx_word' id='word_1_346' title='bbox 1117 4302 1149 4360; x_wconf 91' lang='lat' dir='ltr'><strong>in</strong></span> <span class='ocrx_word' id='word_1_347' title='bbox 1171 4299 1269 4361; x_wconf 83' lang='lat' dir='ltr'><strong>Toxili</strong></span> <span class='ocrx_word' id='word_1_348' title='bbox 1293 4298 1380 4359; x_wconf 93' lang='lat' dir='ltr'><strong>domo</strong></span> 
     </span>
     <span class='ocr_line' id='line_1_41' title="bbox 202 4397 1381 4476; baseline -0.002 -20"><span class='ocrx_word' id='word_1_349' title='bbox 202 4415 277 4476; x_wconf 91' lang='lat' dir='ltr'><strong>csse,</strong></span> <span class='ocrx_word' id='word_1_350' title='bbox 301 4397 349 4458; x_wconf 91' lang='lat' dir='ltr'><strong>bic</strong></span> <span class='ocrx_word' id='word_1_351' title='bbox 372 4397 529 4459; x_wconf 91' lang='lat' dir='ltr'><strong>blandiens</strong></span> <span class='ocrx_word' id='word_1_352' title='bbox 553 4408 583 4459; x_wconf 87' lang='lat' dir='ltr'><strong>et</strong></span> <span class='ocrx_word' id='word_1_353' title='bbox 606 4416 638 4459; x_wconf 93' lang='lat' dir='ltr'><strong>se</strong></span> <span class='ocrx_word' id='word_1_354' title='bbox 661 4400 771 4476; x_wconf 88' lang='lat' dir='ltr'><strong>gratias</strong></span> <span class='ocrx_word' id='word_1_355' title='bbox 795 4398 833 4459; x_wconf 93' lang='lat' dir='ltr'><strong>ob</strong></span> <span class='ocrx_word' id='word_1_356' title='bbox 856 4397 936 4459; x_wconf 89' lang='lat' dir='ltr'><strong>istud</strong></span> <span class='ocrx_word' id='word_1_357' title='bbox 954 4397 1118 4476; x_wconf 90' lang='lat' dir='ltr'><strong>benignum</strong></span> <span class='ocrx_word' id='word_1_358' title='bbox 1137 4398 1248 4458; x_wconf 83' lang='lat' dir='ltr'><strong>iactum</strong></span> <span class='ocrx_word' id='word_1_359' title='bbox 1266 4397 1381 4457; x_wconf 83' lang='lat' dir='ltr'><strong>referre</strong></span> 
     </span>
     <span class='ocr_line' id='line_1_42' title="bbox 203 4494 1381 4576; baseline -0.001 -23"><span class='ocrx_word' id='word_1_360' title='bbox 203 4494 346 4556; x_wconf 90' lang='lat' dir='ltr'><strong>simulans</strong></span> <span class='ocrx_word' id='word_1_361' title='bbox 369 4496 469 4558; x_wconf 90' lang='lat' dir='ltr'><strong>lenoni</strong></span> <span class='ocrx_word' id='word_1_362' title='bbox 498 4499 594 4576; x_wconf 89' lang='lat' dir='ltr'><strong>aperit</strong></span> <span class='ocrx_word' id='word_1_363' title='bbox 621 4494 801 4556; x_wconf 92' lang='lat' dir='ltr'><strong>luculentam</strong></span> <span class='ocrx_word' id='word_1_364' title='bbox 825 4495 903 4556; x_wconf 86' lang='lat' dir='ltr'><strong>lucri</strong></span> <span class='ocrx_word' id='word_1_365' title='bbox 926 4495 1053 4556; x_wconf 79' lang='lat' dir='ltr'><strong>faciendi</strong></span> <span class='ocrx_word' id='word_1_366' title='bbox 1076 4496 1263 4556; x_wconf 90' lang='lat' dir='ltr'><strong>occasionem</strong></span> <span class='ocrx_word' id='word_1_367' title='bbox 1287 4495 1314 4555; x_wconf 92' lang='lat' dir='ltr'><strong>ei</strong></span> <span class='ocrx_word' id='word_1_368' title='bbox 1338 4494 1381 4552; x_wconf 87' lang='lat' dir='ltr'><strong>oi·</strong></span> 
     </span>
    </p>
   </div>
   <div class='ocr_carea' id='block_1_3' title="bbox 0 0 1651 5192">
    <p class='ocr_par' dir='ltr' id='par_1_8' title="bbox 0 0 1651 5192">
     <span class='ocr_line' id='line_1_43' title="bbox 0 0 1651 5192; baseline 0 0"><span class='ocrx_word' id='word_1_369' title='bbox 0 0 1651 5192; x_wconf 95' lang='lat' dir='ltr'><strong> </strong></span> 
     </span>
    </p>
   </div>
  </div>
 </body>
</html>
