3275 5192
754 432 796 439 --
845 393 909 458 178
957 431 995 441 -

286 576 336 638 diu
360 577 547 654 investigavit
569 578 834 655 investigatamque
859 575 987 655 denique
1010 577 1132 655 invenit,
1157 576 1250 637 multo
1273 575 1409 656 pluribus
1432 584 1466 638 et

285 674 457 736 laetioribus
480 674 579 734 verbis
603 674 799 735 salutaturum
818 692 894 752 esse,
918 673 997 753 quod
1015 673 1095 734 idem
1113 677 1145 734 in
1169 674 1260 735 liliam
1280 675 1364 736 valet.
1401 673 1462 735 Sed

286 790 360 852 quae
376 771 411 833 de
426 772 525 832 verbis
540 779 569 832 et
583 772 697 832 ratione
712 771 832 832 llordali
847 774 1025 851 suspicatur,
1040 773 1084 833 eis
1099 774 1239 834 assentiri
1253 791 1312 833 non
1326 791 1465 852 possum:

286 873 378 931 immo
401 877 482 931 recte
507 887 539 930 se
563 867 672 930 habere
695 870 752 930 hoc
776 870 840 930 loco
864 870 989 931 actionis
1012 871 1233 931 festinationem
1254 878 1335 950 puto.
1382 870 1464 931 Leno

285 971 366 1029 enim
385 969 457 1028 satis
476 985 625 1047 superque
644 969 775 1028 monitus
794 976 866 1048 erat,
888 986 927 1029 ne
948 970 1093 1047 virginem
1113 968 1238 1030 liberam
1257 987 1311 1029 suo
1329 967 1465 1047 periculo

286 1074 412 1144 emeret,
444 1084 477 1125 ae
507 1067 637 1144 primum
668 1065 788 1144 quidem
817 1068 849 1126 in
873 1065 1013 1146 epistula,
1043 1085 1131 1145 quam
1155 1066 1277 1127 Toxilus
1300 1068 1328 1127 ei
1352 1066 1388 1126 ab
1412 1084 1465 1127 ero

285 1183 339 1226 suo
362 1163 571 1244 perlegendam
595 1163 685 1224 tradit
709 1157 749 1247 (v.
774 1160 840 1224 524
851 1158 923 1244 sq.:)

445 1309 492 1368 Ac
514 1324 569 1367 sao
586 1310 708 1383 periclo
732 1311 759 1367 ts
782 1314 870 1382 emat,
894 1311 947 1382 qai
970 1326 1037 1368 eam
1060 1309 1263 1368 mercabitur:

448 1405 607 1480 Maracepto
630 1423 729 1480 aeque
745 1409 909 1481 promittes
931 1422 1029 1480 nepae
1052 1410 1212 1481 qaisquam
1235 1407 1329 1466 dabit.

287 1548 351 1620 Quo
375 1546 474 1609 audito
499 1548 596 1607 statim
621 1546 758 1607 lenonem
781 1548 863 1626 piget
885 1549 1031 1626 virginem
1055 1565 1164 1625 emere,
1187 1565 1255 1608 eum
1278 1546 1358 1607 haud
1379 1549 1466 1625 igno·

287 1655 333 1707 ret
356 1646 565 1724 gravissimum
589 1644 768 1724 supplicium
792 1647 871 1705 sumi
895 1644 931 1705 de
955 1663 999 1724 eo,
1022 1646 1083 1724 qui,
1106 1663 1175 1705 eum
1198 1644 1309 1705 liberos
1327 1644 1466 1704 homines

286 1751 378 1822 emat,
406 1743 521 1803 lacinus
552 1737 826 1824 ἀνδραποδισμοῦ
853 1745 1025 1803 committat
1070 1742 1173 1821 ltaque
1197 1744 1337 1804 continuo
1360 1741 1466 1802 Toxilo

287 1840 448 1921 respondet
470 1841 592 1900 minime
617 1839 674 1900 sibi
698 1859 772 1920 opus
797 1859 863 1902 esse
887 1840 990 1902 litibus
1018 1850 1048 1903 et
1075 1843 1159 1902 tricis
1182 1859 1279 1921 neque
1304 1860 1336 1902 se
1359 1858 1466 1919 argen-

284 1949 349 2002 tum
373 1957 460 2000 suum
484 1939 562 1998 foras
586 1956 761 2000 enumerare
784 1938 859 1999 velle
884 1931 973 2021 (530.
988 1934 1078 2024 531).
1124 1938 1162 2000 Et
1183 1942 1282 2019 pergit
1303 1932 1412 2022 (532):

330 2084 398 2144 Nisi
420 2085 573 2157 mancipio
598 2085 726 2158 accipio,
751 2085 828 2157 qaid
849 2100 883 2143 eo
906 2087 949 2143 rat
971 2100 1046 2159 opas
1069 2091 1113 2143 est
1135 2085 1353 2143 mercimonio?

286 2216 317 2269 et
339 2203 469 2284 b34sq.:

331 2333 436 2395 Metuo
459 2332 564 2392 berete
586 2349 673 2392 vero:
695 2336 778 2392 sensi
801 2348 857 2408 epo
881 2336 943 2393 tam
966 2329 1170 2408 compluriens

330 2432 435 2505 Neque
453 2434 495 2489 mi
517 2431 604 2490 haud
626 2433 766 2506 imperito
790 2435 915 2506 eveniet,
938 2434 995 2492 tali
1017 2438 1052 2490 at
1073 2434 1105 2491 ire
1128 2434 1192 2492 lato
1214 2432 1370 2491 haeream.

286 2571 397 2633 'lamen
422 2590 599 2651 quamquam
627 2571 679 2632 tali
702 2574 733 2631 in
756 2589 789 2632 re
812 2573 872 2632 iam
898 2573 1016 2651 saepius
1040 2572 1146 2633 acerba
1169 2576 1311 2651 expertus
1334 2577 1388 2649 est,
1411 2589 1466 2632 na·

285 2678 353 2732 tura
379 2669 496 2731 lenonia
523 2671 616 2729 vineit
642 2677 672 2729 et
698 2669 836 2731 hortante
864 2670 966 2731 Toxilo
994 2671 1140 2748 virginem
1169 2688 1270 2730 emere
1300 2670 1463 2730 constituit.

286 2769 327 2829 Ae
351 2786 456 2829 rursus
480 2785 496 2826 a
520 2767 734 2847 Sagaristione‚
761 2770 936 2848 priusquam
959 2770 1089 2848 pretium
1111 2767 1233 2847 iudicat,
1260 2773 1469 2828 commonetur

287 2885 318 2928 se
343 2865 424 2926 illam
448 2883 501 2925 suo
524 2865 658 2944 perieulo
682 2884 781 2927 emere
806 2859 915 2949 (589):

376 2992 470 3052 Prius
493 2993 577 3052 dico:
595 2993 677 3052 tanc
699 2995 862 3068 mancupio
885 3010 972 3053 nemo
996 2994 1052 3053 tter·
1074 2993 1168 3052 dabit.
1211 2996 1273 3052 tam
1295 2994 1375 3052 scis?

286 3133 344 3177 nee
366 3117 467 3176 minus
491 3133 507 3174 a
530 3117 645 3193 virgine
670 3117 742 3176 satis
767 3115 856 3176 claris
878 3115 979 3177 verbis
1004 3109 1084 3199 (653
1093 3111 1188 3201 sqq.):

332 3242 399 3301 Iam
422 3242 480 3302 troc
503 3243 559 3302 teet
582 3244 666 3301 atico:
689 3248 826 3301 actutum
849 3248 971 3302 ecastor
993 3251 1197 3317 menapum,
1221 3242 1275 3300 aba·
1296 3257 1343 3300 me
1364 3243 1444 3299 sciet

338 3339 461 3400 Venisse
483 3341 552 3414 bac,
576 3343 641 3414 eittse
664 3340 768 3400 aderit
791 3346 821 3398 ct
843 3356 891 3398 me
913 3341 969 3400 abs
992 3346 1021 3399 te
1044 3341 1180 3400 redimet.
1208 3370 1250 3378 -

448 3471 490 3480 -
513 3437 591 3498 Nam
615 3441 672 3498 etsi
694 3455 744 3497 res
766 3447 839 3497 suot
858 3438 993 3515 fractae,
1017 3440 1110 3497 amici
1131 3443 1203 3494 sant
1226 3440 1326 3492 tamen

288 3587 318 3641 et
339 3587 490 3659 postremo
513 3597 530 3638 a
553 3578 752 3656 Sagaristione
777 3572 889 3662 (665):

335 3723 397 3783 Teo
413 3725 536 3798 periclo
559 3725 724 3797 sextaptota
747 3723 826 3780 tace
849 3721 975 3780 dabitur
998 3722 1122 3793 arpenti
1143 3721 1241 3778 minis.

287 3865 324 3925 lt
346 3867 531 3926 monentium
560 3862 650 3923 rerba
679 3864 738 3923 iam
768 3861 843 3921 nihil
872 3861 1046 3941 proliciunt:
1077 3862 1198 3920 avaritia
1228 3859 1343 3920 lenonis
1369 3861 1466 3919 maior

244 4002 246 4005 -
288 3970 342 4042 est,
367 3981 454 4041 quam
477 3969 512 4022 ut
534 3961 650 4022 lucrum
674 3962 705 4020 in
728 3962 899 4040 praesentia
921 3958 1090 4020 laciendum
1113 3976 1185 4038 prae
1207 3957 1342 4038 periculo
1364 3957 1465 4025 luturo

288 4062 404 4122 omittat
423 4067 453 4120 et
468 4059 609 4139 praedam
623 4057 760 4118 manibus
775 4060 903 4118 emittat:
922 4059 1067 4137 virginem
1082 4059 1163 4117 emit.
1196 4055 1342 4117 Continuo
1356 4061 1465 4134 autem,

287 4158 340 4220 ubi
368 4164 523 4237 argeutum
552 4175 568 4216 e
596 4155 733 4216 manibus
762 4155 844 4217 dedit
874 4164 904 4216 et
926 4155 1087 4235 Sagaristio
1111 4154 1192 4234 abiit,
1215 4154 1282 4215 leno
1305 4153 1388 4213 lucro
1411 4171 1466 4213 suo

288 4254 418 4335 gaudere
441 4256 546 4333 nequit
568 4260 598 4314 et
622 4273 709 4333 quam
733 4254 823 4316 stulte
847 4239 952 4315 lecerit
975 4255 1067 4315 sentit
1090 4246 1171 4336 (714
1179 4245 1272 4335 sqq.):

450 4397 628 4486 Itteqaa‘dem
652 4403 713 4459 tara
735 4402 803 4475 scit,
827 4400 904 4474 quid
924 4401 1029 4473 nepoti
1049 4400 1188 4472 cesserit,

452 4497 512 4568 Qui
534 4499 608 4558 milet
627 4497 777 4574 furtivam
800 4513 866 4558 meo
881 4499 1005 4573 periclo
1018 4497 1172 4557 aeadtde't.
