3275 5192
774 304 1016 372 -158-

303 507 355 548 sua
384 496 489 567 sponte
519 487 669 548 liberaret.
716 486 776 548 Sed
803 489 868 566 cogi
895 505 955 547 non
986 488 1095 567 potuit,
1127 486 1206 566 quod
1239 503 1382 565 responso
1414 505 1488 566 pro·

302 585 402 665 batur,
431 585 509 666 quod
533 585 697 676 Lyconides
721 584 889 664 Olympioni
912 587 1041 664 roganti,
1070 593 1105 645 ut
1126 603 1215 645 manu
1238 585 1388 663 mittatur,
1421 583 1489 645 dat:

487 722 512 761 v.
533 698 598 763 824
609 720 651 781 sq.
676 703 783 778 Egone
806 710 836 762 te
859 705 993 762 emittam
1015 719 1117 776 manu,

678 801 835 862 Scelerum
858 801 1118 860 cumulatissime?

302 913 367 976 Huc
400 917 488 999 etiam
521 916 715 977 referundum
748 923 810 994 est,
847 915 926 994 quod
957 914 1011 975 [tio
1044 913 1271 994 chrysostomus
1302 917 1334 975 in
1367 933 1409 975 or.
1432 912 1490 973 XV

301 1009 411 1075 452R.
434 1013 537 1075 tradit:
570 1060 576 1074 .
602 1060 609 1076 .
633 1061 640 1074 .
665 1006 702 1075 ol
732 1006 769 1074 δὲ
797 1009 860 1075 οὐκ
891 1009 1060 1074 ἀδύνατον
1086 1007 1269 1094 ἐλεύθερον
1298 1007 1489 1093 γεγονέναι,

302 1107 445 1191 ἀφέντος
461 1117 522 1173 τοῦ
542 1110 713 1174 δεσπότου.
756 1109 795 1172 Τί
813 1106 862 1192 δέ,
881 1101 907 1172 ὦ
927 1112 1040 1194 λῷστε,
1062 1109 1137 1191 ἔφη,
1160 1107 1272 1184 οὐδεὶς
1289 1107 1333 1171 ἂν
1351 1105 1489 1190 γένοιτο

303 1205 481 1292 ἐλεύθερος
503 1209 547 1292 μὴ
569 1207 636 1273 ὑπὸ
659 1216 720 1272 τοῦ
743 1208 908 1272 δεσπότου
927 1205 1081 1290 &mensim
1104 1216 1134 1270 et
1151 1228 1180 1287 p.
1194 1204 1275 1269 453:
1371 1208 1413 1268 Τί
1430 1203 1489 1283 δέ,

302 1301 446 1385 ἐμαυτὸν
469 1305 531 1368 οὐκ
555 1305 597 1369 iv
620 1321 673 1369 σοι
697 1305 785 1369 δοκῶ
809 1303 1050 1388 ἐλευθερῶσπις
1073 1307 1121 1368 nt
1138 1326 1175 1386 γε
1193 1302 1356 1388 ἀργύριόν
1374 1309 1489 1367 ποθεν

301 1403 498 1486 καταβάλοις
521 1410 567 1490 τῷ
591 1403 745 1488 δεσπότῃ,
769 1402 809 1467 οὐ
833 1405 956 1467 τοῦτόν
979 1425 1064 1485 φημι
1088 1402 1425 1484 circummissus

391 1503 493 1583 ltaque
512 1503 634 1564 Toxilus
658 1506 775 1564 etiamsi
798 1511 891 1564 totam
914 1502 1010 1564 aulam
1035 1505 1099 1563 auri
1122 1504 1286 1564 invenisset
1304 1510 1334 1563 et
1352 1504 1486 1582 pretium

304 1602 474 1682 deponeret,
498 1620 583 1676 crum
604 1620 709 1680 cogere
727 1617 787 1663 non
807 1603 912 1681 potuit,
935 1608 969 1662 ut
987 1619 1076 1661 manu
1096 1602 1274 1662 mitteretur.
1310 1599 1396 1671 Quod
1414 1619 1487 1661 cum

302 1703 386 1780 sciat,
410 1708 533 1779 argento
558 1719 573 1760 a
598 1700 797 1778 Sagaristione
821 1707 943 1778 accepto
966 1718 1024 1760 non
1049 1700 1152 1778 utitur,
1174 1707 1209 1760 ut
1230 1718 1263 1760 se
1286 1701 1385 1779 ipsum
1404 1697 1486 1760 redi·

301 1806 376 1877 mat,
404 1798 469 1877 scd,
498 1817 565 1858 cum
589 1816 660 1870 erus
687 1816 813 1878 peregre
843 1799 895 1877 sit,
923 1799 1010 1876 genio
1039 1815 1092 1857 suo
1120 1796 1233 1876 aliquid
1254 1797 1327 1858 boni
1350 1797 1487 1858 lauturus

304 1898 429 1958 amicam
453 1897 597 1957 sescentis
620 1898 751 1957 nummis
774 1895 891 1975 liberat,
914 1914 973 1974 quo
990 1889 1167 1978 vilissimo¹)
1191 1897 1288 1974 pretio
1313 1895 1370 1956 duo
1393 1894 1487 1955 boves

303 1994 424 2073 quidem
452 1996 511 2055 emi
538 2003 663 2073 possunt
691 1987 780 2076 (264.
801 1988 896 2077 317),
929 2011 1033 2054 servus
1065 2001 1165 2054 autem
1196 1992 1310 2053 ordinis
1337 1993 1434 2054 Toxili
1464 2011 1486 2053 e

291 2077 446 2153 'servitute
479 2091 586 2153 redimi
619 2111 678 2153 non
710 2100 816 2171 potest
870 2091 1097 2171 Dispensatores
1130 2092 1209 2151 enim
1241 2092 1353 2152 maiore
1385 2092 1486 2170 pretio

302 2191 443 2252 venibant
469 2208 559 2269 quam
587 2192 666 2251 servi
694 2189 830 2270 vulgares
863 2199 894 2251 et
919 2188 1034 2250 Plinius
1057 2207 1085 2248 n.
1106 2189 1134 2249 h.
1153 2186 1183 2268 l,
1204 2184 1267 2249 129
1299 2188 1391 2250 tradit
1423 2188 1486 2248 dis-

301 2297 491 2367 pensatorem
520 2295 640 2349 centum
667 2289 789 2366 triginta
814 2287 936 2349 milibus
962 2289 1133 2348 sestertium
1158 2288 1289 2366 venisse,
1315 2287 1394 2367 quod
1418 2288 1486 2366 qui·

303 2386 369 2447 dem
402 2387 565 2447 insolenter
601 2404 741 2464 magnum
778 2388 908 2466 pretium
946 2386 1008 2446 luit
1042 2419 1084 2428 -
1117 2384 1219 2464 ltaque
1247 2393 1351 2464 poetae
1374 2385 1485 2446 Persae

300 2487 372 2545 vitio
404 2487 481 2545 verti
513 2503 573 2545 non
606 2492 716 2564 potest,
749 2483 829 2563 quod
851 2482 988 2544 Toxilum
1017 2485 1064 2544 sui
1092 2482 1239 2543 commodi
1267 2485 1357 2544 nimis
1380 2485 1484 2543 imme·

301 2600 417 2665 morem
449 2583 582 2661 tinxerit,
615 2601 683 2643 cum
716 2599 766 2642 ero
800 2584 892 2643 invito
920 2584 1010 2643 etiam
1038 2588 1159 2659 argento
1191 2588 1292 2660 parato
1320 2599 1484 2660 numquam

302 2679 380 2740 liber
402 2681 468 2740 fieri
490 2687 600 2760 posset,
624 2687 654 2741 et
671 2682 747 2740 ratio
766 2680 974 2760 isendijkii,
998 2681 1050 2758 qui
1069 2679 1125 2739 hac
1143 2680 1332 2758 potissimum
1351 2699 1384 2741 re
1403 2697 1483 2741 com·

301 2787 399 2839 motus
428 2777 581 2838 contendit
608 2777 744 2839 Toxilum
773 2781 803 2839 in
835 2777 996 2858 exemplari
1025 2777 1137 2838 Gracco
1170 2777 1322 2838 hominem
1353 2776 1482 2838 liberum

303 2877 404 2936 fictum
428 2895 504 2955 esse,
527 2877 613 2937 irrita
636 2883 665 2937 et
689 2875 799 2937 caduca
824 2884 878 2937 cst

389 2974 523 3054 Denique
547 2975 616 3034 finis
640 2972 754 3035 fabulae
777 2977 875 3053 primo
903 2974 1008 3035 obtutu
1038 2993 1071 3036 ea
1100 2974 1136 3035 de
1164 2993 1252 3036 causa
1280 2972 1483 3056 verisimilitu-

302 3072 369 3133 dine
394 3090 494 3133 carere
518 3072 649 3151 videtur,
679 3071 759 3152 quod
783 3072 941 3153 Dordalus,
975 3075 1027 3152 qui
1050 3091 1228 3153 quamquam
1251 3071 1345 3133 libera
1367 3073 1484 3150 virgine

297 3178 400 3248 empta
424 3172 575 3249 sexaginta
599 3172 689 3231 minis
713 3177 871 3231 emunctus
895 3179 925 3232 et
948 3190 964 3231 a
987 3180 1070 3251 patre
1093 3173 1218 3249 virginis
1241 3171 1273 3229 in
1300 3172 1347 3230 ius
1370 3176 1485 3230 tractus

300 3271 410 3330 iustam
433 3287 559 3348 poenam
584 3268 727 3348 dedisset,
756 3276 855 3329 tamen
879 3287 948 3329 cum
971 3268 1074 3329 fraude
1099 3267 1240 3346 deceptus
1264 3273 1344 3327 esset
1366 3273 1484 3326 tantum

301 3366 481 3446 supplicium
506 3369 615 3428 iniuria
639 3367 756 3428 dedisse
779 3366 913 3446 videtur,
937 3368 1074 3427 inimicos
1098 3382 1168 3424 suos
1190 3381 1245 3441 pro
1269 3380 1322 3422 sua
1343 3371 1428 3440 parte
1451 3365 1484 3422 in

300 3467 348 3525 ius
374 3482 433 3525 non
456 3472 548 3525 vocat
586 3464 688 3543 Neque
713 3467 792 3525 enim
817 3466 884 3526 steri
906 3465 1011 3543 potuit
1034 3470 1068 3522 ut
1087 3463 1153 3521 iure
1173 3458 1284 3519 Graeco
1303 3467 1334 3519 et
1350 3457 1485 3518 Romano

301 3580 396 3641 aeque
420 3581 453 3623 ac
476 3571 578 3623 nostro
603 3570 663 3623 tam
687 3561 822 3641 improba
847 3562 941 3639 fraus,
969 3577 1058 3639 quam
1081 3557 1202 3618 Toxilus
1224 3556 1326 3616 lenoni
1349 3558 1485 3636 quamvis

301 3659 403 3721 odioso
436 3660 590 3739 intulerat,
623 3664 744 3739 impune
778 3666 867 3720 esset.
914 3657 971 3717 Sed
1000 3658 1100 3716 omnia
1127 3663 1208 3715 recte
1237 3673 1269 3715 se
1301 3654 1413 3715 habeut
1445 3663 1485 3733 ct,

301 3757 380 3838 quod
408 3777 534 3837 aequum
564 3767 623 3837 est,
655 3743 790 3818 fraudem
818 3756 961 3816 aToxilo
984 3753 1110 3814 Dordalo
1137 3752 1248 3813 illatam
1277 3772 1337 3814 uon
1359 3755 1483 3832 impune

300 3858 363 3918 fore
401 3874 437 3916 ex
465 3858 528 3936 ipsa
557 3855 655 3916 fabula
682 3853 792 3914 elucet:
825 3852 970 3914 Dordalus
986 3854 1079 3926 ,enim
1112 3850 1319 3913 animadvertit
1345 3850 1484 3912 Toxilum

299 3953 454 4014 iracundia
471 3953 696 4030 inflammatum,
716 3952 785 4031 quia
804 3953 833 4012 ei
852 3950 1089 4012 Lemniselenem
1107 3952 1167 4011 nisi
1185 3953 1338 4029 praesenti
1355 3950 1485 4028 pecunia

301 4070 443 4133 apparere
472 4051 580 4131 noluit,
612 4049 693 4110 illam
721 4048 856 4110 fraudem
887 4051 945 4130 ipsi
968 4051 1118 4127 paravisse
1143 4041 1183 4131 (v.
1204 4044 1277 4108 781.
1298 4043 1372 4108 784.
1393 4040 1484 4127 785).

299 4149 417 4229 ltaque,
451 4148 529 4229 quod
552 4148 715 4208 humanum
739 4155 798 4227 est,
831 4147 976 4209 Dordalus
998 4147 1191 4209 vehementer
1213 4153 1369 4206 suscenset
1393 4152 1423 4205 et
1448 4143 1485 4204 de

299 4247 468 4308 fraudatore
504 4264 614 4326 poenas
651 4264 769 4308 sumere
806 4248 998 4326 concupiscit.
1051 4246 1088 4306 dt
1123 4244 1203 4305 idem
1234 4242 1378 4305 [iordalus
1413 4260 1475 4302 non

392 4423 417 4490 1)
431 4419 553 4474 Parasiti
568 4418 627 4474 tilis
637 4436 660 4474 e,
672 4437 698 4490 g.
715 4419 827 4476 deciens
837 4420 918 4473 tanto
932 4417 1007 4488 pluri
1022 4417 1124 4501 pretio,
1139 4414 1286 4485 sexaginta
1300 4413 1385 4468 minis
1398 4412 1481 4467 venit
